4787 5950
2284 636 2320 702 7

2080 726 2175 739 xre-1⁴»
2190 724 2410 737 anm
2415 724 2510 740 ΜΛ)

470 871 707 936 paucos
750 851 990 918 habere
1024 852 1229 940 locos,
1275 854 1386 918 ubi
1430 855 1699 938 primam
1745 854 2085 921 lectionem
2132 857 2310 921 nullo
2354 855 2549 921 modo
2594 853 2820 917 liceret
2852 851 3234 915 discernere.
3305 850 3547 915 Tamen
3593 850 3706 915 has
3752 850 4127 934 plerumque

469 958 849 1041 dignoscere
882 979 959 1024 eo
992 979 1131 1024 esse
1175 959 1423 1024 facilius
1468 961 1640 1043 quod
1673 962 1844 1026 inter
1874 961 2345 1028 Bononiensem
2379 958 2490 1046 (B)
2523 970 2591 1026 et
2619 958 3113 1025 Laurentianum
3146 957 3418 1041 primum
3452 953 3620 1037 (La¹)
3654 965 3720 1021 et
3742 957 4125 1022 Vaticanum

468 1064 559 1146 (V
562 1060 681 1145 at.)
728 1065 1065 1129 maximam
1111 1086 1249 1131 esse
1295 1067 1806 1151 consensionem3
1865 1068 2097 1133 librum
2144 1067 2256 1134 La¹
2302 1077 2521 1134 autem
2569 1085 2950 1149 quamquam
2995 1063 3333 1128 nonnullas
3379 1083 3632 1128 rasuras
3676 1065 4027 1148 accepisset
4042 1059 4126 1144 ²⁶)

471 1172 538 1234 in
582 1173 944 1237 universum
992 1174 1349 1257 proximum
1395 1174 1701 1239 accedere
1759 1175 1843 1239 ad
1889 1176 2382 1258 Bononiensem,
2458 1194 2584 1257 quo
2640 1181 2856 1237 tamen
2912 1172 3233 1235 recentior
3277 1180 3473 1252 esset,
3521 1170 3904 1235 Vaticanum
3956 1172 4127 1235 1630

470 1278 726 1343 saeculo
770 1277 903 1341 XV
950 1279 1196 1344 ineunti
1243 1288 1571 1345 exaratum
1618 1301 1776 1345 esse.

684 1387 885 1467 Atqui
931 1382 1388 1469 Pleitnerus²⁷)
1457 1398 1705 1451 censet:
1802 1384 2172 1466 „Qqufasseub
2227 1385 2325 1465 ist,
2391 1383 2503 1464 'aab
2559 1386 2618 1449 D
2678 1384 2796 1449 nub
2852 1382 2940 1448 bie
3007 1390 3123 1447 aue
3179 1381 3454 1463 beiielbeu
3506 1380 3866 1468 ᾥαηδὶῶτίᾒ
3917 1383 4021 1448 mie
4065 1386 4124 1449 D

472 1488 785 1572 ehgeleitete
813 1488 1174 1573 Britanniicfye
1202 1489 1562 1577 ᾥαηδῖῷτίᾒ
1604 1515 1645 1558 a
1689 1509 1761 1574 31¹
1805 1491 1912 1556 ben
1956 1491 2213 1574 ifingften
2244 1489 2674 1579 &uubidyriften
2706 1489 2969 1572 gebiiren,
3012 1492 3071 1555 D
3110 1489 3281 1551 1463
3328 1489 3446 1554 nub
3482 1512 3518 1555 a
3556 1488 3728 1553 1460
3774 1490 4122 1574 geidyrieben.

475 1595 714 1663 &auten
761 1596 910 1661 heibe
954 1595 1215 1681 niesteidyt
1257 1609 1373 1663 uon
1416 1598 1513 1663 ber
1563 1594 1735 1660 1425
1789 1612 1905 1662 nou
1950 1600 2204 1683 Poggio
2268 1596 2718 1680 anigefunbeneu
2767 1594 3346 1682 OEutussspanbidyrift
3390 1595 3734 1675 stanuum&
3817 1600 4124 1681 mquidem

473 1725 702 1770 censeo
748 1727 889 1769 cum
921 1726 1040 1770 nec
1086 1707 1428 1771 memoriae
1474 1707 1585 1771 ille
1632 1707 1835 1770 codex
1885 1708 2158 1772 traditus
2204 1708 2308 1787 sit,
2358 1726 2477 1770 nec
2524 1705 2729 1787 qualis
2775 1704 2969 1768 suerit
3014 1724 3051 1769 e
3085 1711 3304 1769 vetere
3350 1704 3565 1786 aliquo
3596 1707 3820 1769 nuntio
3852 1714 4121 1790 constet,

470 1832 549 1876 ea
594 1812 677 1876 de
722 1833 911 1876 causa
954 1813 1226 1877 virtutes
1280 1812 1463 1877 libris
1509 1813 1566 1876 D
1615 1821 1680 1877 et
1726 1831 1768 1875 a
1815 1813 2190 1878 tribuendas
2246 1833 2385 1877 esse
2445 1812 2672 1876 nullas.
2767 1813 2820 1874 E
2877 1811 3307 1895 manuscripto
3365 1811 3534 1892 quod
3580 1812 3811 1894 Poggii
3869 1813 4121 1895 dicitur,

473 1920 527 1983 si
574 1918 712 2000 fuit,
759 1926 1026 2004 possunt
1072 1939 1211 1987 esse
1256 1920 1558 2002 derivati3
1607 1921 1720 1983 sed
1766 1940 1905 1985 cum
1952 1920 2018 1983 hi
2065 1941 2316 2003 quoque
2361 1920 2514 1983 libri
2561 1916 2724 1982 BLa¹
2760 1918 2892 1983 Vat
2937 1919 3269 2001 Poggiano
3318 1918 3414 1981 illi
3457 1917 3589 1981 fere
3636 1919 3934 2000 aequales
3978 1920 4123 1991 aliis

470 2024 630 2089 locis
675 2047 817 2090 cum
865 2026 1003 2107 GO,
1059 2026 1203 2090 aliis
1249 2047 1390 2090 cum
1436 2026 1493 2088 D
1540 2026 1767 2090 mirum
1814 2027 1881 2090 in
1928 2028 2183 2091 modum
2232 2034 2609 2109 congruant,
2657 2059 2744 2068 —
2798 2026 2859 2088 id
2911 2033 3135 2109 postea
3192 2025 3564 2089 recensione
3610 2044 3752 2089 mea
3798 2040 3864 2090 et
3909 2027 4124 2091 lectio·

473 2152 621 2195 num
668 2132 817 2195 libri
865 2133 922 2195 D
970 2133 1385 2215 singularium
1444 2140 1510 2197 et
1555 2133 2007 2197 vocabulorum
2066 2135 2132 2197 in
2189 2135 2417 2199 eodem
2473 2132 2848 2197 omissorum
2905 2132 3096 2217 plane
3151 2133 3477 2215 cognitum
3533 2132 3612 2194 iri
3668 2153 3855 2217 spero
3901 2169 4005 2215 —,
4058 2135 4122 2197 in

472 2239 858 2303 sententiam
913 2247 1190 2322 transeo,
1262 2261 1449 2323 quam
1509 2241 1748 2324 primus
1802 2236 2320 2320 Baehre11sius²⁸>
2379 2240 2604 2303 habuit
2659 2239 3272 2321 demonstravitque,
3330 2258 3360 2308 ς
3414 2238 3614 2301 libros
3673 2259 3909 2321 omnes,
3967 2262 4123 2323 ergo

476 2344 711 2428 Poggii
758 2366 1009 2427 quoque
1054 2347 1307 2410 unicum
1354 2345 1593 2410 fontem
1640 2347 1877 2411 habere
1924 2346 2193 2412 fortasse
2238 2345 2674 2431 apographum
2711 2346 3297 2425 Saugermanensis,
3346 2345 3457 2408 sed
3506 2345 3961 2429 interpolatum
3993 2368 4121 2412 non

472 2452 1084 2536 sangermanensem
1117 2456 1342 2539 ipsum.
1392 2454 1712 2538 Scriptum
1745 2454 1904 2519 illud
1951 2455 2383 2539 apographum
2421 2473 2559 2518 esse
2604 2454 2841 2517 dicitur
2872 2455 2988 2516 sub
3035 2453 3282 2516 initium
3329 2451 3564 2515 sacculi
3611 2448 3778 2514 xvi·
3837 2455 4120 2518 Eandem

472 2561 855 2625 sententiam
900 2561 1129 2625 Munro
1144 2557 1227 2641 ²⁹)
1281 2570 1507 2627 eontra
1552 2562 1841 2625 Ellisium
1888 2562 2177 2646 protulit,
2239 2561 2347 2643 qui
2405 2547 2854 2639 contenditffl),
2914 2559 3154 2622 nullum
3210 2566 3431 2622 extare
3486 2559 3769 2622 codicem
3826 2560 3934 2641 qui
3991 2570 4120 2624 tam

472 2676 698 2750 aperte
754 2669 837 2731 ab
891 2669 1156 2749 antiquo
1210 2668 1426 2751 aliquo
1486 2668 1835 2751 exemplari
1892 2668 2312 2752 transcriptus
2367 2668 2453 2731 sit
2509 2686 2697 2749 quam
2755 2666 3069 2745 Datanus3
3140 2665 3423 2728 codicem
3477 2666 3531 2729 Ο
3588 2665 4122 2748 Sangermanensi

472 2773 861 2838 simillimum
908 2770 1199 2858 putat3').
1247 2776 1528 2840 Maximo
1574 2795 1728 2839 vero
1776 2784 2097 2840 momento
2143 2783 2292 2839 sunt
2338 2794 2501 2856 qnae
2549 2773 2707 2838 dicit
2754 2794 2860 2857 pg.
2916 2772 3107 2836 XVI:
3194 2771 3380 2856 „Non
3428 2773 3742 2837 assentior
3786 2773 4120 2839 Schwabio

474 2881 886 2945 existumanti
940 2882 1264 2945 inventum
1323 2882 1607 2947 codicem
1655 2882 1971 2946 neminem
2018 2881 2497 2965 transcripsisse
2554 2887 2704 2944 ante
2761 2900 2901 2943 eum
2961 2880 3067 2960 qui
3127 2900 3294 2942 anno
3346 2878 3516 2942 1375
3572 2878 4119 2963 sangermanense

473 2988 800 3072 exemplar
846 2989 1153 3052 exaravit.
1246 2988 1422 3053 Dicit
1474 2990 1578 3053 hic
1633 3009 1787 3053 sane
1851 2990 2187 3073 „„nullum
2243 2989 2420 3053 aliud
2476 2997 2697 3052 extare
2753 2988 3081 3070 exemplar
3126 2987 3295 3051 unde
3352 2995 3569 3071 posset
3625 2987 3826 3051 libelli
3882 2989 4117 3052 habere

471 3096 717 3179 copiam
774 3090 1249 3178 exemplandi;“
1272 3090 1304 3123 “
1376 3097 1545 3161 unde
1590 3116 1743 3160 vere
1800 3097 2127 3180 colligitur
2181 3097 2384 3181 ipsum
2441 3095 2621 3159 illum
2677 3095 2958 3158 codicem
3015 3094 3513 3176 transcripsisse,
3573 3115 3758 3176 quem
3816 3096 4118 3177 quinqua·

475 3202 660 3285 ginta
713 3208 863 3265 ante
917 3202 1101 3265 annis
1147 3201 1540 3267 Veronensis
1597 3203 1965 3268 invenisset.
2055 3202 2203 3268 Sed
2260 3224 2408 3267 non
2469 3202 2664 3266 dicit
2722 3201 2930 3264 unici
2988 3200 3202 3264 illius
3258 3199 3589 3284 exempli
3648 3203 4121 3286 exemplaria

470 3329 511 3371 a
558 3307 777 3372 nullo
823 3307 977 3371 alia
1023 3306 1231 3373 facta
1275 3328 1473 3392 esse;
1522 3311 1837 3392 quomodo
1885 3310 2051 3374 enim
2100 3310 2334 3374 sciret?
2380 3309 2624 3373 Verum
2671 3309 2839 3372 enim
2885 3328 3039 3371 vero
3089 3307 3403 3371 Catullum
3453 3310 3881 3372 transcribere
3929 3310 4120 3372 medi-

475 3423 675 3494 tatus,
744 3435 935 3477 unum
990 3414 1271 3479 codicem
1318 3415 1483 3480 vidit
1540 3423 1759 3480 extare
1831 3418 2190 3498 antiquum,
2262 3427 2327 3480 et
2384 3437 2526 3480 eum
2585 3425 2982 3499 corruptum;
3056 3435 3180 3496 quo
3238 3423 3452 3478 tamen
3500 3416 3787 3480 decrevit
3833 3417 4119 3497 quamvis

469 3529 771 3604 corrupto
817 3521 939 3602 uti,
996 3521 1200 3585 donec
1246 3530 1602 3605 emergeret
1647 3524 1878 3605 aliquis
1925 3517 2296 3588 sincerior.“
2348 3558 2437 3566 —
2483 3523 2643 3586 Tum
2692 3543 2772 3586 ex
2820 3521 3095 3606 propriis
3153 3541 3316 3602 quae
3362 3522 3559 3585 habet
3605 3523 3683 3604 D,
3741 3543 3820 3587 ex
3868 3523 4115 3586 omissis

469 3635 537 3691 et
583 3627 873 3691 versibus
929 3637 995 3691 et
1037 3629 1328 3710 vocibus,
1387 3649 1423 3693 e
1467 3629 1758 3712 vestigiis
1813 3630 2192 3713 antiquioris
2248 3630 2634 3715 scripturae,
2692 3649 2729 3693 e
2790 3628 3168 3693 lectionibus
3234 3648 3396 3709 quac
3462 3637 3572 3691 aut
3635 3630 3700 3691 in
3759 3629 3935 3694 nullo
3990 3630 4116 3694 alio

469 3734 689 3798 codiee
743 3744 854 3798 aut
909 3735 973 3797 in
1035 3734 1251 3818 paucis
1307 3735 1734 3817 inveniuntur,
1795 3731 2230 3817 concluditffl),
2287 3746 2399 3800 aut
2446 3733 2542 3817 (1)
2567 3755 2837 3800 errasse
2901 3736 3172 3799 scribam
3228 3735 3375 3798 libri
3436 3736 3917 3818 Germanensis,
3976 3758 4115 3799 cum

471 3842 721 3906 unicum
768 3861 837 3905 se
883 3841 1211 3924 exemplar
1257 3842 1427 3923 quod
1476 3848 1729 3907 extaret
1773 3843 2018 3908 diceret
2048 3843 2546 3927 transcripsisse,
2595 3863 2713 3907 nec
2744 3862 2963 3905 verum
2997 3842 3278 3905 codicem
3326 3862 3364 3905 a
3387 3841 3747 3906 Veronensi
3795 3853 4114 3927 repertum

468 3948 964 4032 transcripsisse,
1020 3948 1134 4012 sed
1188 3947 1449 4030 aliquod
1507 3949 1643 4032 ejus
1689 3949 2043 4034 exemplar3
2103 3960 2215 4015 aut
2262 3946 2358 4031 (2)
2407 3951 2462 4014 si
2509 3951 2591 4014 ab
2647 3950 2869 4014 eodem
2919 3948 3031 4012 illo
3078 3948 3266 4012 unico
3311 3949 3528 4012 codice
3586 3949 3854 4033 profecti
3903 3960 4115 4015 essent

675 4207 747 4277 ²⁶)
785 4209 819 4265 l.
857 4210 891 4263 l.
931 4225 1021 4279 pg.
1057 4209 1301 4265 XXXIX.

675 4295 745 4365 ²⁷)
782 4298 818 4352 1.
856 4299 894 4356 l.
928 4314 1018 4367 pg.
1059 4302 1179 4354 134.

677 4384 747 4455 ²⁸)
783 4386 817 4442 l.
854 4387 889 4441 l.
928 4403 1015 4456 pg.
1051 4387 1246 4444 XXVI.

681 4471 747 4541 ²⁹)
782 4475 818 4528 l.
859 4475 891 4528 l.
930 4492 1016 4544 pg.
1054 4476 1153 4530 IV:
1209 4476 1274 4546 „1
1312 4476 1450 4531 shall
1484 4492 1791 4545 prouounce
1829 4493 1974 4547 upon
2009 4479 2101 4533 the
2128 4478 2374 4548 question
2412 4477 2670 4548 whether,
2706 4477 2891 4532 beside
2929 4478 3021 4532 the
3057 4484 3161 4533 two
3199 4476 3270 4531 all
3309 4476 3464 4531 other
3489 4477 3721 4546 existing
3755 4479 4110 4548 manuscripts

466 4576 561 4615 are
608 4560 826 4615 derived
870 4562 1093 4633 directly
1138 4581 1200 4620 or
1254 4564 1534 4634 indirectly
1579 4564 1717 4619 from
1756 4565 1820 4636 G,
1868 4566 2148 4622 Baehrens
2195 4567 2535 4636 strenuously
2589 4566 2940 4635 maintaining
2984 4567 3102 4620 that
3147 4566 3273 4634 they
3319 4581 3429 4633 are,
3485 4565 3619 4621 Ellis
3657 4581 3717 4622 as
3770 4569 4112 4638 strenuously

466 4649 699 4720 denying
733 4651 794 4707 it.
867 4652 977 4707 But
1010 4652 1067 4706 of
1101 4653 1210 4709 this
1249 4653 1272 4707 1
1309 4653 1415 4708 feel
1453 4670 1522 4708 no
1556 4652 1741 4723 doubt,
1778 4654 2064 4725 whatever,
2103 4656 2238 4725 that,
2277 4655 2323 4709 if
2356 4655 2404 4710 G
2443 4655 2549 4710 aud
2572 4655 2618 4711 Ο
2655 4671 2804 4710 come
2845 4655 3068 4726 directly
3105 4655 3239 4710 from
3276 4655 3368 4709 the
3397 4655 3624 4724 original
3662 4654 3860 4724 Codex,
3898 4687 3966 4696 -
4003 4657 4109 4711 and

466 4739 576 4795 this
621 4739 758 4795 Ellis
804 4739 934 4795 does
979 4748 1074 4795 not
1116 4757 1261 4797 seem
1308 4749 1365 4798 to
1401 4743 1506 4797 call
1548 4742 1604 4797 in
1642 4743 1889 4811 question
1926 4775 1993 4783 —
2021 4744 2172 4827 ’then
2217 4744 2309 4799 the
2347 4759 2474 4815 very
2511 4744 2717 4814 greatly
2755 4752 3029 4800 overrates
3072 4744 3165 4800 the
3201 4744 3358 4799 value
3404 4744 3465 4799 of
3503 4744 3596 4798 the
3632 4744 3890 4815 Datanus,
3935 4747 4108 4801 which

465 4844 575 4883 was
611 4835 707 4884 not
738 4828 947 4882 written
985 4828 1065 4882 till
1106 4831 1295 4886 1463“.

679 4916 750 4985 ³⁰)
785 4918 820 4971 1.
859 4918 893 4971 1.
933 4934 1020 4987 pg.
1055 4918 1329 4977 XXXVII.

678 5004 744 5076 3¹)
781 5007 816 5063 l.
854 5006 891 5064 1.
927 5023 1017 5077 pp.
1054 5007 1342 5064 xv-XX,

681 5093 746 5164 a⁹)
783 5096 820 5152 1.
855 5096 893 5153 1.
927 5111 1016 5165 pg.
1052 5096 1195 5152 xlx.
