4787 5950
370 839 655 903 omnium
701 839 986 927 codicum
1033 846 1393 903 nostrorum
1437 838 1660 903 unicus
1706 839 1845 903 fons
1892 847 2009 920 est,
2059 848 2125 904 et
2172 861 2314 905 cum
2356 840 2426 903 in
2472 840 2822 924 exemplari
2856 841 2912 906 O
2957 827 3392 925 apographum
3440 842 3575 925 ejus
3608 863 3797 934 quam
3840 864 4020 908 accu-

372 946 691 1039 ratissime
739 953 1023 1010 curatum
1070 946 1155 1009 ad
1200 965 1316 1010 nos
1363 947 1758 1030 pervenerit,
1815 947 2098 1012 laborem
2144 969 2273 1012 non
2321 950 2579 1014 omnino
2635 949 2923 1012 inutilem
2980 958 3394 1034 susceperunt
3440 952 3549 1033 qui
3595 951 3720 1014 viri
3774 972 3854 1016 ex
3899 951 4019 1016 hoc

372 1054 802 1136 proprietates
857 1053 1029 1118 illius
1088 1053 1426 1137 explorare
1480 1053 1885 1135 studuerunt3
1959 1074 2211 1136 quoque
2266 1057 2469 1139 magis
2524 1056 2572 1118 ii
2616 1056 2786 1120 inter
2831 1076 2899 1120 se
2946 1057 3374 1139 consentiunt,
3447 1077 3523 1122 co
3570 1058 4019 1122 verisimiliora

371 1169 524 1223 sunt
570 1180 735 1242 quae
777 1168 1221 1244 reppererunt.
1313 1160 1482 1224 Prae
1536 1160 1767 1225 ceteris
1836 1169 2046 1225 autem
2100 1164 2290 1227 rebus
2357 1162 2872 1245 investigandum
2928 1183 3069 1229 0330
3114 1170 3504 1248 putaverunt
3558 1165 3734 1248 prius
3788 1165 4018 1247 quibus

373 1267 612 1332 litteris
657 1269 932 1351 scriptus
978 1267 1199 1333 fuisset
1220 1263 1626 1347 Veronensis,
1674 1267 1906 1332 deinde
1952 1289 2078 1350 quo
2123 1269 2398 1334 saeculo,
2471 1269 2866 1353 Corruptelis
2911 1271 3111 1354 igitur
3140 1272 3495 1354 erratisque
3527 1272 4018 1356 perponderatis

373 1381 487 1438 aut
529 1384 804 1440 exeunte
850 1396 1017 1440 nono
1063 1384 1174 1440 aut
1218 1376 1479 1469 ineunte
1527 1364 1772 1439 decimo
1818 1377 2072 1440 saeculo
2116 1377 2350 1441 litteris
2399 1377 2764 1440 minusculis
2809 1398 2950 1441 eum
2998 1398 3136 1443 esse
3183 1386 3509 1443 exaratum
3556 1377 3924 1444 Schwabius
3941 1375 4016 1460 ⁹¹)

374 1489 446 1545 et
496 1476 1005 1563 Baehrensius⁹³)
1072 1484 1622 1563 existimaverunt,
1693 1503 1851 1564 quos
1921 1484 2119 1547 ceteri
2190 1484 2298 1565 qui
2358 1482 2595 1547 Catulli
2648 1484 2862 1547 studio
2918 1505 2986 1548 se
3034 1485 3350 1549 dederunt
3408 1486 3607 1550 secuti
3664 1495 3838 1568 311111,
3896 1506 4019 1571 ego

372 1588 514 1673 ipse
569 1598 904 1675 postquam
960 1597 1338 1674 argumenta
1392 1610 1611 1655 eorum
1647 1591 2020 1655 -accuratius
2075 1591 2431 1655 examinavi
2500 1591 2804 1673 adjuvare
2858 1591 3091 1656 studui.
3191 1591 3540 1657 Praeterea
3594 1593 4017 1657 Baehrensius

371 1692 660 1780 opinioni
717 1697 985 1763 accessit
1041 1717 1229 1780 quam
1287 1697 1425 1780 jam
1470 1696 1833 1780 Scaligerus
1887 1698 2136 1779 habuit,
2194 1698 2467 1762 scribam
2513 1697 2665 1761 libri
2711 1695 2767 1759 V
2812 1697 3047 1762 litteris
3102 1699 3575 1782 longobardicis
3630 1721 3810 1765 usum
3855 1720 4015 1783 esse,

372 1804 710 1886 eidemque
755 1825 919 1887 quae
964 1804 1381 1870 convenirent
1427 1825 1556 1868 non
1588 1805 1811 1870 deesse
1835 1803 2094 1868 Ellisius
2140 1824 2391 1886 (1110(100
2407 1799 2488 1883 ⁹⁶)
2535 1826 2662 1869 non
2694 1804 2881 1869 modo
2928 1790 3240 1871 concessit
3284 1806 3399 1871 sed
3445 1807 3638 1871 etiam
3674 1809 4016 1891 congessit.

370 1910 506 1975 Sed
569 1911 995 1995 proprietates
1061 1913 1416 1996 scripturae
1493 1911 1863 1995 diligentius
1940 1917 2375 1996 perscrutatus
2453 1911 2758 1993 cognovit
2825 1931 3078 1993 quoque
3146 1932 3310 1995 quae
3375 1915 3730 1997 scripturae
3797 1914 4018 1998 longo·

372 2019 675 2084 bardieae
730 2040 859 2083 non
916 2028 1361 2103 congruerent.
1454 2018 1617 2083 Sunt
1661 2018 2004 2102 praecipue
2055 2018 2313 2083 litterae
2358 2018 2726 2102 saepissime
2783 2016 3107 2083 confusae:
3178 2027 3226 2101 t,
3274 2040 3340 2103 (ις
3387 2040 3445 2101 a,
3495 2041 3558 2103 e;
3606 2042 3664 2101 a,
3711 2042 3779 2103 u;
3827 2042 3883 2103 a,
3933 2022 4015 2103 it3

374 2136 422 2208 t,
472 2149 542 2211 p;
594 2149 655 2217 p,
704 2148 764 2208 r;
814 2149 877 2211 p,
924 2148 997 2207 n;
1059 2146 1223 2208 quae
1271 2126 1483 2190 omnia
1528 2146 1640 2190 suo
1677 2126 1824 2208 jure
1870 2126 2223 2209 scripturae
2267 2125 2738 2208 merovingicae
2796 2125 3099 2207 assignat.
3190 2126 3277 2190 Et
3329 2146 3559 2191 revera
3611 2148 3823 2192 nonne
3877 2150 4019 2213 pro·

372 2235 652 2298 habilius
685 2242 803 2317 est,
850 2241 1121 2299 excunte
1168 2254 1339 2298 nono
1386 2233 1640 2298 saeculo
1662 2231 2097 2297 Veronensem
2140 2231 2460 2315 scriptura
2493 2240 2622 2294 tum
2654 2232 2721 2295 in
2756 2231 2968 2299 Gallia
3013 2232 3268 2314 usitata,
3317 2232 3551 2297 litteris
3590 2233 4017 2318 carolingicis,

370 2341 681 2426 scriptum
714 2343 894 2406 esse?
940 2342 1168 2423 quibus
1215 2340 1485 2405 fortasse
1530 2341 1819 2423 singulae
1865 2339 2335 2422 merovingicae
2363 2339 2689 2402 immixtae
2722 2346 2935 2420 erant3
2983 2358 3129 2402 nam
3164 2339 3634 2423 merovingicae
3664 2342 4019 2426 scripturae

370 2449 815 2530 antiquissima
871 2449 1327 2532 longobardica
1343 2441 1414 2529 ⁹⁷)
1478 2448 1799 2513 simillima
1853 2455 2010 2511 erat.
2104 2446 2285 2511 Haec
2339 2454 2487 2510 sunt
2543 2465 2704 2526 quae
2762 2445 2841 2510 de
2888 2443 3242 2510 Veronensi
3295 2467 3436 2511 cum
3490 2447 3702 2530 specie
3747 2450 4019 2530 quadam

372 2556 853 2639 probabilitatis
899 2556 1318 2621 coniciuntur.

591 2681 680 2745 At
717 2681 968 2765 judices
1016 2681 1221 2745 nostri
1268 2680 1537 2746 litterati
1583 2678 1835 2763 longius
1880 2677 2202 2763 progressi
2249 2682 2415 2753 sunt.
2474 2677 2652 2741 Schw
2664 2677 2844 2741 abius
2875 2676 3134 2741 Ellisius
3166 2676 3592 2742 Baehrensius
3630 2679 3767 2761 jam
3813 2679 4019 2761 qualis

374 2789 569 2853 fuerit
614 2790 1016 2873 Archetypus
1061 2788 1455 2853 Veronensis
1508 2788 1831 2851 illustrare
1876 2786 2187 2867 simulque
2233 2785 2670 2850 demonstrare
2716 2785 3115 2866 studuerunt,
3164 2806 3292 2849 non
3337 2787 3525 2850 modo
3569 2793 3816 2870 patrem
3862 2786 4017 2869 ejus²

371 2897 491 2961 sed
538 2897 729 2962 etiam
775 2917 963 2960 avum
1011 2897 1309 2977 cognosci
1362 2915 1577 2980 posse3
1648 2894 1813 2958 hunc
1869 2900 2079 2958 autem
2126 2913 2265 2958 0330
2310 2892 2767 2977 Archetypum.
2856 2893 3016 2956 Jure
3061 2892 3187 2959 11131
3241 2899 3390 2957 311111
3433 2893 3482 2956 11
3527 2913 3743 2958 01111103
3798 2893 4019 2961 codice

371 3004 742 3085 Thuanaeo‚
800 3026 965 3068 nunc
1025 3005 1194 3068 inter
1239 3003 1566 3067 Parisinos
1614 3002 1808 3083 8071,
1879 3002 1988 3084 qui
2043 3001 2306 3065 exhibet
2350 3002 2668 3083 integrum
2716 3022 2970 3066 carmen
3018 3003 3104 3066 62
3155 3002 3600 3074 catullianum.
3677 3003 4017 3087 Hauptiu8‚

372 3112 489 3194 qui
534 3133 674 3176 cum
720 3113 1125 3194 quaestiones
1172 3119 1237 3175 et
1286 3111 1765 3175 observationes
1813 3108 2207 3174 Catullianas
2253 3109 2567 3173 scriberet
2612 3109 2862 3173 codices
2907 3109 3068 3173 duos
3113 3108 3392 3193 optimos
3438 3116 3693 3174 nostros
3738 3111 4018 3176 nondum

370 3225 793 3301 cognoverat,
864 3227 1075 3283 tamen
1133 3217 1317 3300 hujus
1374 3218 1524 3280 libri
1570 3217 1839 3280 virtutes
1897 3208 2319 3296 divinavitffi),
2386 3224 2654 3300 propter
2707 3217 3062 3281 mirabilem
3117 3237 3261 3286 cum
3318 3217 3504 3281 bonis
3571 3219 4020 3302 manuscriptis

371 3326 856 3390 consensionem
922 3324 1240 3409 professus
1310 3325 1419 3407 qui
1487 3324 1913 3407 respiceretur
1967 3343 2108 3386 eum
2178 3323 2618 3406 dignissimum
2673 3343 2831 3387 esse.
2925 3323 3302 3392 Aceuratius
3370 3323 3453 3388 de
3520 3325 3744 3390 eodem
3799 3325 4020 3402 codice

372 3441 648 3517 egerunt
704 3433 1073 3498 Schwabius
1100 3428 1178 3513 ⁹⁹)
1251 3440 1317 3496 et
1373 3431 1797 3496 Baehrensius
1821 3425 1933 3511 ⁸⁰⁰),
2004 3451 2272 3511 quorum
2340 3431 2699 3508 sententiae
2766 3430 2984 3514 paucis
3055 3430 3269 3494 verbis
3336 3430 3582 3498 relatae
3652 3431 3772 3496 hae
3841 3443 4016 3504 sunt:

375 3522 679 3605 codicem
726 3540 1135 3604 Thuanaeum
1202 3539 1493 3624 proxime
1562 3545 1900 3621 cognatum
1961 3557 2100 3602 esse
2145 3534 2628 3601 vindobonensi
2673 3536 2755 3600 27
2765 3535 2822 3616 7,
2896 3536 3047 3600 olim
3093 3536 3542 3617 San-azariam,
3615 3539 3852 3606 saeculi
3897 3539 4016 3619 IX,

370 3648 485 3730 qui
531 3646 744 3711 tamen
793 3646 1030 3711 Catulli
1077 3665 1333 3710 carmen
1379 3666 1507 3710 non
1553 3645 1914 3726 exhiberet;
1986 3644 2131 3708 illos
2177 3645 2336 3709 duos
2390 3643 2592 3708 libros
2637 3663 2717 3708 ex
2762 3644 3193 3728 manuscripto
3239 3644 3513 3725 quodam
3564 3644 3815 3710 Gallico
3859 3646 4022 3712 flori·

372 3754 613 3837 legium
658 3755 979 3818 variorum
1026 3753 1372 3817 carminum
1419 3752 1773 3817 continenti
1818 3750 2207 3834 descriptum
2254 3770 2413 3832 esse,
2484 3751 2656 3833 quod
2723 3751 2978 3815 saeculo
3034 3749 3166 3816 fere
3235 3758 3464 3822 octavo
3520 3751 3886 3818 minusculis
3953 3753 4022 3844 in

374 3860 595 3926 Gallia
664 3861 1084 3946 compositum
1139 3860 1488 3924 videretur.
1579 3856 1813 3922 Verum
1870 3858 2038 3922 enim
2095 3878 2251 3922 vero
2316 3878 2446 3922 non
2515 3876 2598 3921 ex
2650 3857 3019 3941 Archetypo
3087 3857 3228 3941 ipso
3298 3877 3556 3924 carmen
3610 3858 4022 3932 Thuanaeum

371 3968 632 4033 fluxisse
676 3967 937 4045 Ellisius
958 3964 1051 4044 ¹⁰¹)
1123 3986 1372 4049 quoque
1430 3967 1744 4050 opinatur.
1838 3965 1931 4030 Ut
1976 3965 2057 4029 ad
2103 3961 2536 4029 Veronensem
2581 3971 2997 4044 revertamur,
3066 3963 3235 4030 hunc
3281 3984 3551 4045 quoque,
3609 3964 3677 4028 id
3723 3965 3894 4047 quod
3940 3986 4022 4034 ex

371 4075 805 4158 compluribus
854 4074 989 4157 ejus
1038 4073 1419 4157 corruptelis
1466 4081 1825 4157 appareret,
1887 4092 1924 4136 e
1980 4072 2201 4137 codice
2258 4071 2492 4137 litteris
2547 4071 2911 4136 minusculis
2968 4072 3208 4155 scripto
3231 4065 3324 4148 ¹⁰²)
3373 4071 3686 4154 originem
3746 4073 4020 4152 duxisse,

587 4371 654 4440 ⁹⁴)
692 4373 724 4426 l.
763 4373 801 4427 l.
838 4388 928 4442 pg.
965 4371 1108 4426 XVI.

591 4461 655 4528 ⁹⁵)
690 4462 727 4517 l.
765 4462 802 4517 l.
842 4478 928 4531 pg.
965 4462 1161 4517 XXXI.

592 4550 663 4619 ⁹⁸)
701 4549 871 4620 praef.
908 4567 994 4620 pg.
1035 4550 1127 4606 IV.

592 4637 663 4708 97)
702 4639 1038 4705 seambach:
1095 4638 1362 4710 iustitium
1400 4654 1487 4710 3111:
1522 4637 1816 4704 Iateinifdyen
1854 4636 2240 4709 Ἑαῐᾶοςταρβίε.
2290 4636 2359 4694 ἕ.
2404 4638 2485 4692 10.

589 4727 659 4796 ω)
699 4743 883 4798 opusc.
920 4728 963 4797 1,
1001 4745 1088 4798 pg.
1126 4728 1214 4785 24.

593 4815 662 4885 ⁹⁰)
699 4816 870 4886 praef.
906 4833 994 4887 pg.
1031 4818 1073 4872 1.

562 4904 647 4974 ¹⁰⁰)
686 4906 820 4975 prol.
856 4921 944 4976 pg.
979 4906 1134 4962 XLII
1171 4922 1253 4976 sq.

564 4993 649 5061 ⁸⁰¹)
687 4995 724 5051 l.
762 4996 798 5051 l.
836 5011 925 5064 pg.
960 4995 1212 5053 XXXIII.

561 5084 653 5153 ¹⁰²)
690 5084 759 5142 cf.
794 5086 1036 5142 Schwab.
1077 5086 1249 5156 praef.
1284 5103 1372 5156 pg.
1408 5087 1577 5142 xvlr
1598 5102 1679 5157 sq.
1715 5085 1897 5142 XXIII
1933 5102 2079 5157 sqq.;
2116 5083 2393 5141 Baehrens
2431 5100 2521 5154 με.
2555 5083 2728 5142 XLII.
