4787 5950
2400 702 2567 715 max-Nx.
2601 704 2608 707 ⁸
2617 704 2736 715 .w.
2745 704 2764 716 κ
2773 708 2825 719 -μ,

793 836 1117 900 codieibus
1163 835 1441 898 Palladii
1491 834 1758 897 Guarini
1803 834 2039 896 Mureti
2098 832 2411 911 Scaliger-i
2455 831 2672 894 Vossii
2731 830 3074 893 Columnae
3131 830 3442 912 Meleagri
3496 830 3750 893 Frateri
3808 830 4074 893 aliorum
4129 830 4406 912 colligere

792 952 857 1007 et
914 944 1154 1026 optima
1220 962 1469 1023 quaque
1537 941 1601 1003 in
1662 940 1897 1004 Catulli
1958 941 2123 1003 libro
2180 938 2428 1002 edendo
2482 939 2605 1019 uti,
2673 958 2753 1001 ex
2813 937 3153 1000 collatione
3194 938 3515 1000 librorum
3574 938 4064 1019 diligentissima
4117 938 4215 1001 hic
4268 938 4412 1000 duos

790 1052 1064 1135 optimos
1126 1049 1184 1111 D
1253 1056 1317 1112 et
1382 1048 1434 1110 L
1500 1048 1810 1128 delectos,
1883 1068 2021 1113 cum
2086 1067 2352 1127 quorum
2416 1047 2725 1109 alterutro
2788 1056 3034 1110 ceteros
3097 1067 3226 1111 non
3289 1047 3714 1129 interpolatos
3779 1048 4014 1127 ubique
4077 1048 4414 1110 consentire

791 1163 1207 1238 cognoverat,
1268 1176 1381 1219 sua
1438 1155 1720 1219 editione
1775 1161 1944 1218 totos
1991 1154 2298 1217 exhibuit.
2392 1155 2476 1216 Et
2523 1153 2593 1215 L.
2642 1149 2975 1233 Muellerss)
3023 1154 3189 1217 huuc
3233 1155 3438 1217 virum
3485 1155 3715 1217 merita
3760 1154 3948 1217 laude
3996 1156 4244 1218 ornavit
4288 1175 4418 1217 eum

790 1263 1256 1344 antiquioribus
1304 1261 1659 1325 editoribus
1693 1261 1789 1323 his
1823 1261 2038 1324 verbis
2072 1280 2427 1343 opponens:
2481 1261 2905 1344 „Temporum
2952 1262 3157 1344 spatio
3206 1282 3344 1323 cum
3392 1261 3556 1323 aliae
3604 1282 3796 1344 super
3829 1261 3986 1325 alias
4035 1262 4419 1343 conjecturae

790 1378 1004 1434 essent
1048 1370 1265 1435 illatae
1313 1370 1378 1432 in
1424 1377 1651 1452 poetae
1675 1369 2067 1435 Veronensis
2112 1369 2361 1449 librum,
2413 1387 2620 1449 neque
2666 1369 2947 1433 codicum
2999 1369 3327 1431 meliorum
3363 1369 3724 1432 testimonia
3761 1368 3898 1450 jam
3945 1370 4419 1452 respicerentur,

790 1477 1017 1541 sensim
1069 1477 1284 1540 evenit
1328 1484 1399 1540 ut
1448 1476 1763 1539 Catullum
1813 1476 1875 1537 in
1926 1476 2063 1558 ipso
2110 1476 2470 1555 requireres
2520 1474 2792 1539 Catulle.
2889 1474 3052 1538 Huic
3099 1476 3496 1539 incommodo
3546 1476 3801 1537 obviam
3853 1476 3926 1539 iit
3973 1475 4420 1539 Lachmannus.

788 1583 853 1645 Is
910 1604 989 1646 ex
1044 1583 1349 1647 immenso
1406 1590 1744 1666 apparatu,
1805 1602 1992 1663 quem
2048 1582 2379 1646 collectum
2439 1602 2481 1645 a
2533 1582 2878 1644 Laurentio
2934 1580 3242 1645 Santenio
3301 1627 3645 1646 ......
3704 1582 4099 1645 bibliotheca
4152 1583 4429 1667 possidet

789 1690 1222 1753 Berolinensis
1269 1690 1467 1771 elegit
1499 1695 1571 1751 ut
1615 1689 1902 1752 sincerae
1950 1689 2256 1752 lectiones
2303 1696 2502 1751 testes
2549 1688 2885 1751 fidissimos
2921 1736 3144 1751 .....
3180 1688 3672 1751 Laurentianum
3711 1684 3818 1768 (L)
3854 1702 3921 1752 et
3955 1689 4270 1752 Datanum
4300 1686 4427 1769 (D).

788 1796 954 1861 Nam
1010 1797 1128 1860 etsi
1188 1815 1305 1859 nee
1355 1796 1804 1859 Germanensis
1861 1795 2011 1858 libri
2059 1791 2175 1875 (G)
2223 1795 2566 1858 lectionum
2614 1795 2808 1857 ullam
2855 1794 3079 1857 habuit
3123 1795 3417 1859 notitiam
3465 1795 3907 1859 Lachmannus
3964 1806 4030 1860 et
4089 1796 4433 1878 aliquando

788 1904 1042 1967 Datano
1090 1904 1316 1967 tribuit
1359 1903 1638 1979 nimium,
1700 1923 1777 1966 ea
1822 1909 2035 1965 tamen
2084 1903 2469 1965 dexteritate
2516 1902 2581 1963 in
2628 1901 2986 1981 deligendis
3034 1922 3190 1982 quos
3238 1911 3609 1982 sequeretur
3654 1903 3978 1965 codicibus
4025 1902 4163 1983 fuit,
4213 1905 4432 1987 paucis

787 2020 859 2074 ut
915 2011 1072 2074 locis
1128 2010 1413 2093 exceptis
1462 2009 1697 2072 Catulli
1755 2010 2072 2093 scriptura
2127 2028 2204 2072 ea
2259 2028 2421 2089 quae
2483 2008 2685 2073 fuerat
2741 2011 2808 2072 in
2864 2010 3232 2094 Archetypo
3279 2011 3639 2074 Veronensi
3695 2022 4200 2095 recuperaretur,
4265 2012 4436 2075 unde

779 2117 913 2199 jam
960 2138 1097 2181 cum
1146 2116 1473 2180 commodo
1521 2123 1738 2199 posset
1782 2115 2165 2199 principium
2214 2135 2461 2179 sumere
2508 2116 2710 2180 omnis
2768 2118 3146 2181 emendandi
3193 2119 3614 2201 probabilitas
3671 2139 3745 2181 ac
3791 2116 4019 2181 ratio.“
4113 2119 4439 2182 Nimirum

787 2226 937 2289 inde
978 2236 1122 2309 post
1152 2225 1503 2309 Hauptium
1521 2221 1591 2304 ⁹),
1641 2225 1751 2307 qui
1782 2232 2029 2308 partem
2061 2232 2308 2288 tantum
2341 2244 2558 2288 eorum
2591 2244 2752 2305 quae
2787 2223 3225 2289 Lachmannus
3273 2226 3604 2306 reliquisse
3652 2225 3708 2288 ei
3741 2226 3912 2288 visus
3959 2234 4058 2290 est
4090 2228 4441 2291 emendare

790 2333 1009 2412 voluit,
1059 2333 1484 2396 Rossbachius
1531 2332 1742 2395 editor
1788 2340 1932 2415 post
1976 2332 2446 2394 Lachmanuum
2493 2332 2732 2415 primus
2777 2331 3158 2416 principium
3206 2354 3334 2395 non
3380 2333 3666 2416 sumpsit.
3725 2332 3905 2396 Haec
3937 2335 4138 2396 verba
4184 2331 4438 2415 ejus¹⁰):

792 2439 1009 2521 „Libri
1056 2439 1283 2503 induo
1330 2459 1568 2523 genera
1614 2439 1944 2502 dividendi
1990 2447 2152 2520 sunt,
2202 2447 2413 2503 aetate
2461 2437 2760 2521 disparia,
2809 2440 3188 2503 auctoritate
3235 2440 3356 2503 nisi
3407 2440 3574 2522 quod
3621 2440 4025 2523 interpolatis
4073 2441 4247 2503 nulla
4301 2442 4442 2506 fere

786 2545 942 2609 fides
974 2546 1270 2610 habenda
1302 2553 1401 2608 est
1431 2565 1635 2628 paene
1668 2546 1875 2629 paria3
1925 2565 2166 2626 neque
2198 2546 2393 2609 enim
2424 2544 2627 2607 ullus
2662 2545 2903 2608 codex
2937 2554 3354 2630 tantopere
3388 2546 3875 2629 praestantia
3918 2568 4050 2610 sua
4081 2547 4444 2629 reliquos

786 2661 1128 2736 superat,
1179 2661 1251 2716 ut
1295 2653 1361 2715 hi
1406 2654 1595 2737 plane
1641 2652 2069 2736 postponendi
2115 2652 2273 2735 sint3
2324 2653 2476 2733 quin
2523 2653 2716 2715 etiam
2747 2672 2828 2715 ne
2876 2653 3280 2736 interpolatis
3326 2654 3582 2734 quidem
3627 2674 3888 2736 prorsus
3934 2674 4152 2717 carere
4199 2659 4441 2738 possis,

786 2760 1085 2841 quoniam
1131 2761 1212 2824 ad
1260 2760 1525 2844 stirpem
1571 2780 1746 2822 suam
1792 2760 1999 2838 relati,
2060 2759 2323 2822 ducibus
2369 2760 2554 2822 libris
2601 2780 2726 2823 non
2772 2760 3198 2842 interpolatis
3249 2760 3327 2822 de
3376 2760 3648 2823 lectione
3696 2760 3909 2841 aliqua
3957 2762 4055 2824 vel
4103 2763 4447 2827 scribendi

784 2885 1004 2931 errore
1058 2868 1453 2931 dubitantem
1502 2866 1877 2930 confirmant
1923 2874 1987 2930 et
2034 2867 2099 2928 in
2146 2875 2385 2930 rectam
2433 2867 2598 2929 viam
2646 2860 3026 2930 ‹ledueunt.“

997 2973 1119 3052 Qui
1164 2995 1317 3038 vero
1374 2981 1520 3058 post
1564 2973 2021 3037 Rossbachium
2070 2974 2137 3036 in
2183 2973 2395 3037 studio
2442 2972 2679 3037 Catulli
2723 2973 2963 3037 versati
3018 2982 3165 3037 sunt
3218 2973 3302 3037 ad
3346 2973 3802 3037 Baehrensium
3851 2995 4046 3055 usque
4093 2975 4449 3044 Pleitnoro

785 3089 1057 3164 excepto
1104 3082 1148 3144 ii
1195 3082 1275 3144 ad
1324 3080 1609 3162 singulos
1664 3082 1915 3144 codices
1972 3089 2148 3144 recte
2193 3080 2575 3162 judicandos
2630 3081 2870 3162 aliquid
2928 3080 3298 3143 attulerunt.
3393 3080 3555 3143 Nam
3604 3081 3850 3143 etiamsi
3900 3081 4074 3143 illum
4123 3083 4190 3144 in
4236 3086 4446 3151 auda-

785 3188 1060 3251 cioribus
1124 3187 1505 3270 conjecturis
1563 3209 1701 3250 cum
1759 3188 1871 3250 alii
1928 3188 2349 3270 objurgarunt
2405 3196 2537 3250 tum
2582 3183 3108 3269 Rossbergi11s¹¹)‚
3170 3187 3418 3250 etiamsi
3474 3186 3802 3250 Schulzius
3829 3182 3898 3264 ¹²)
3959 3208 4060 3250 res
4118 3191 4442 3269 quasdam

785 3315 948 3375 quae
993 3295 1198 3360 codici
1243 3294 1298 3358 O
1344 3315 1473 3358 non
1518 3294 1781 3360 minimo
1827 3303 2147 3360 momento
2193 3301 2342 3360 sunt
2386 3294 2566 3358 illum
2611 3315 2738 3360 non
2784 3293 3144 3377 respexisse
3189 3292 3680 3357 demonstravit:
3728 3293 3918 3356 hodie
3961 3303 4171 3357 tamen
4205 3296 4272 3358 in
4306 3297 4443 3365 hac

783 3421 855 3464 re
912 3407 1087 3464 recte
1142 3401 1295 3463 mihi
1350 3401 1531 3463 illum
1585 3402 1783 3464 secuti
1831 3401 2132 3465 videntur
2188 3421 2345 3481 esse,
2404 3402 2633 3464 librum
2680 3401 2734 3464 O
2782 3402 2976 3463 etiam
3033 3399 3232 3482 pluris
3289 3399 3750 3463 aestimandum
3809 3421 3994 3480 quam
4045 3401 4123 3463 G.
4221 3403 4436 3478 Quam

782 3528 916 3572 rem
972 3509 1026 3571 si
1080 3502 1398 3588 Muuro¹³)
1456 3507 1819 3571 discerncre
1874 3508 2107 3589 noluit,
2174 3529 2295 3588 ego
2351 3508 2644 3589 equidem
2699 3507 2818 3569 hac
2872 3505 3256 3569 tractatione
3311 3515 3378 3568 et
3433 3526 3513 3568 ex
3567 3505 3723 3590 ipsis
3788 3506 4197 3579 lectionibuS,
4268 3530 4435 3590 qvas

781 3613 1146 3678 Pleitnerus
1192 3634 1306 3678 suo
1352 3614 1555 3679 codici
1602 3614 1659 3676 D
1707 3614 2024 3697 adhibuit,
2069 3615 2341 3677 virtutes
2388 3614 2597 3697 potius
2643 3613 2792 3677 libri
2842 3614 2892 3676 C
2940 3615 3376 3677 demonstrare
3422 3618 3721 3678 conabor.

1007 3840 1051 3911 ⁸)
1088 3840 1265 3895 Praef.
1303 3840 1387 3897 ed.
1424 3857 1509 3910 pg.
1547 3839 1597 3895 X
1634 3857 1714 3908 sq.

1013 3929 1055 3998 ⁹)
1093 3930 1289 3998 Opusc.
1326 3930 1428 3984 vol.
1469 3931 1509 3983 Ι.
1549 3945 1671 3998 pag.
1690 3931 1738 3983 6.

997 4018 1043 4057 ιο

995 4023 1059 4177 1·))
1093 4017 1522 4176 ξῖΐεῗείῧῗιῖὶῦιῗεῖ..
1545 4017 1700 4174 gilfil.
1740 4107 1895 4161 1877.
1969 4105 2036 4161 Κ.
2074 4106 2369 4172 Rossberg:
2425 4104 2490 4161 E.
2529 4105 2819 4171 BaehrenS,
2860 4103 3053 4158 Catulli
3090 4099 3416 4155 Veronensis
3452 4100 3589 4156 liber
3624 4103 3729 4159 vol.
3766 4102 3804 4158 Ι.
3845 4074 3897 4170 p.
3939 4102 4057 4155 172.

998 4195 1059 4265 ¹2)
1095 4197 1322 4251 Hermes
1362 4198 1518 4252 1878.
1590 4195 1635 4252 1.
1671 4210 1760 4264 pg.
1795 4198 2035 4252 50-59:
2090 4195 2159 4250 Κ.
2197 4195 2257 4250 Ρ.
2296 4193 2546 4273 Schulze:
2602 4194 2737 4263 gum
2774 4192 2955 4248 Codex
2992 4189 3311 4248 Oxoniensis
3347 4192 3436 4247 bess
3475 4191 3732 4248 Catullus·

996 4284 1059 4353 ¹³)
1097 4286 1134 4341 l.
1181 4285 1216 4340 l.
1263 4284 1624 4340 introduction
1669 4300 1758 4353 pg.
1794 4288 1862 4338 4:
1936 4285 1960 4340 1
2005 4283 2145 4339 shall
2189 4290 2284 4338 not
2336 4289 2561 4351 attempt
2605 4290 2659 4336 to
2706 4280 2893 4335 decide
2940 4281 3181 4336 whether
3218 4279 3265 4335 G
3311 4296 3372 4335 or
3410 4281 3454 4336 Ο
3510 4281 3555 4336 is
3601 4297 3670 4335 on
3717 4281 3808 4335 the
3861 4277 4035 4333 whole
4091 4277 4184 4331 the
4239 4278 4419 4335 better

776 4374 1122 4445 manuscript.
1195 4374 1374 4429 There
1394 4389 1503 4428 ·are
1540 4388 1669 4442 very
1704 4387 1860 4443 many
1897 4385 2152 4441 passages
2186 4371 2242 4425 in
2278 4370 2454 4425 which
2480 4371 2541 4435 Ο,
2575 4370 2685 4425 and
2710 4371 2754 4426 O
2792 4371 2964 4441 alone,
3002 4371 3149 4440 gives
3184 4370 3277 4425 the
3303 4368 3613 4425 undoubted
3648 4369 3820 4426 words
3858 4367 3918 4422 of
3950 4366 4042 4420 the
4079 4376 4230 4433 poet:
4269 4368 4417 4424 often

776 4480 848 4521 on
894 4464 987 4520 the
1033 4464 1190 4519 other
1225 4463 1371 4518 hand
1405 4464 1451 4518 it
1492 4463 1539 4518 is
1577 4477 1703 4532 very
1740 4468 1976 4532 corrupt,
2020 4461 2197 4515 where
2235 4460 2282 4515 G
2318 4460 2364 4515 is
2401 4459 2563 4529 right,
2614 4478 2674 4515 or
2711 4462 2817 4515 less
2864 4477 3061 4529 wrong.
3101 4489 3164 4499 —
3214 4475 3301 4527 pg.
3339 4459 3411 4514 V:
3468 4459 3575 4514 But
3612 4459 3657 4514 G
3695 4459 3801 4514 and
3836 4459 3881 4512 B
3928 4455 4184 4525 proclaim
4221 4457 4349 4512 with
4385 4475 4421 4513 a

775 4551 904 4610 lond
940 4552 1091 4608 voice
1126 4553 1246 4607 that
1281 4553 1374 4607 the
1413 4558 1628 4620 strange
1664 4550 1771 4605 and
1807 4567 1879 4604 un
1918 4549 2079 4604 couth
2115 4550 2452 4618 phenomena
2488 4549 2548 4602 of
2579 4550 2670 4603 the
2709 4550 2948 4606 Datanus
2985 4566 3077 4604 are
3115 4549 3359 4617 figments
3397 4547 3501 4602 and
3538 4548 3963 4619 interpolationS.
