4787 5950
2044 771 2097 781 ,,
2216 682 2323 785 {a

432 907 570 965 tate
615 907 792 965 certo
837 900 1265 985 colligendum
1312 895 1476 977 esse)
1536 908 1608 964 ut
1674 909 1977 983 sequatur
2032 910 2277 966 tantum
2346 904 2533 965 abest
2589 909 2662 966 ut
2715 902 3156 966 demonstrare
3221 900 3478 965 studeat
3544 908 3738 981 atque
3794 900 4088 965 elaboret

434 1004 568 1091 (pg.
616 1004 946 1087 XXXIII)
1015 1026 1368 1071 sermonem
1414 1027 1526 1071 eos
1573 1027 1728 1091 prae
1772 1029 1841 1073 se
1886 1008 2057 1073 ferre
2099 1030 2229 1073 non
2276 1009 2592 1093 impurum
2641 1028 2757 1073 nec
2803 1008 3174 1073 illiteratum
3194 1057 3209 1088 ,
3278 1008 3393 1071 sed
3440 1007 3647 1088 qualis
3694 1007 3898 1070 soleat
3944 1027 4086 1072 esse

431 1113 931 1179 scholiastarum.
1026 1113 1267 1179 Contra
1310 1112 1712 1179 Schwabium
1758 1123 2010 1181 secutus
2057 1123 2156 1180 est
2199 1115 2272 1178 L.
2322 1115 2689 1180 Muellerus,
2781 1115 2846 1179 Is
2903 1115 3071 1178 enim
3116 1124 3451 1198 postquam
3510 1114 3591 1177 de
3649 1114 4084 1198 descriptione

431 1221 803 1304 paginarum
850 1221 1366 1285 Lachmanniana
1410 1221 1738 1312 disseruit,
1796 1223 1891 1287 ita
1935 1224 2148 1306 pergit
2196 1219 2330 1307 (pg.
2364 1222 2498 1286 VII
2544 1219 2696 1305 sq.):
2794 1221 3061 1303 „Neque
3105 1241 3261 1285 vero
3310 1221 3644 1302 quicquam
3693 1220 3866 1285 valet
3911 1220 4080 1302 quod

429 1326 551 1390 fuit
605 1328 713 1409 qui
779 1328 1118 1392 miraretur
1172 1328 1646 1392 Lachmannum
1712 1330 1956 1393 nullum
2023 1330 2229 1395 titulis
2299 1330 2647 1393 carminum
2716 1330 2781 1391 in
2838 1349 3132 1392 versuum
3201 1328 3676 1410 computatione
3744 1327 4081 1409 reliquisse

429 1434 665 1498 locum:
736 1455 883 1499 nam
937 1443 1204 1519 potuere
1259 1434 1466 1498 additi
1522 1455 1659 1500 esse
1715 1436 1808 1500 illi
1870 1437 2173 1519 margini,
2245 1445 2317 1499 ut
2385 1456 2577 1520 saepe
2644 1437 2712 1499 in
2767 1437 3036 1499 vetustis
3104 1434 3287 1498 libris
3357 1434 3619 1515 sactum,
3690 1434 3812 1498 nisi
3869 1435 4084 1519 potius

430 1538 763 1605 Schwabio
833 1541 1130 1605 ducerem
1196 1542 1625 1606 accedendum
1695 1543 1804 1625 qui
1861 1564 1969 1607 eos
2038 1565 2077 1607 a
2130 1543 2396 1607 librario
2467 1543 2716 1607 demum
2773 1543 3009 1606 codicis
3055 1542 3450 1605 Veronensis
3519 1548 3703 1624 putat
3770 1542 4077 1623 adjectos.

430 1646 595 1711 Sunt
638 1655 877 1727 autem,
946 1656 1019 1711 ut
1064 1647 1275 1711 obiter
1320 1648 1442 1712 hoc
1488 1669 1806 1730 moneam,
1877 1650 2328 1734 inscriptiones
2382 1651 2544 1714 istae
2591 1651 2782 1734 plane
2830 1651 2991 1713 tales
3038 1649 3258 1730 quales
3306 1668 3509 1732 nuper
3557 1648 3616 1710 in
3669 1647 3866 1731 praef.
3915 1648 4077 1713 Hor.

429 1775 538 1839 pg.
590 1754 672 1818 10
718 1754 1056 1838 descripsi,
1126 1755 1246 1818 hoc
1293 1763 1391 1819 est
1436 1776 1518 1819 ex
1563 1756 1785 1840 primis
1841 1757 2237 1840 potissimum
2284 1758 2631 1821 carminum
2677 1757 3007 1821 versieulis
3064 1756 3458 1839 ineptissime
3505 1755 3831 1837 conflatae,
3902 1756 4080 1838 cujus

434 1861 531 1927 rei
577 1860 871 1944 exempla
915 1862 1137 1925 videre
1184 1869 1283 1925 est
1326 1863 1498 1945 apud
1544 1860 1947 1928 Schwabium
1993 1886 2101 1948 pg.
2150 1862 2347 1928 XX.“

643 1968 854 2032 Etiam
886 1968 1310 2032 Baehrensius
1342 1977 1409 2034 et
1440 1969 1804 2033 Pleitnerus
1852 1970 1933 2034 de
1980 1971 2184 2035 titulis
2231 1971 2687 2055 disceptarunt.
2753 1968 2880 2032 Hic
2928 1989 3006 2033 ea
3050 1977 3149 2032 est
3194 1969 3515 2031 sententia
3545 1978 3616 2032 ut
3648 1962 4076 2050 existimetffl),

426 2073 679 2155 titulos,
757 2075 881 2137 nisi
948 2074 1086 2157 jam
1156 2076 1431 2158 margini
1497 2075 1733 2140 codicis
1802 2076 1861 2139 N
1932 2076 2286 2159 (Veronam
2354 2072 2705 2160 reportati)
2783 2075 2988 2139 additi
3067 2076 3224 2157 sint,
3306 2076 3368 2137 in
3440 2076 3495 2137 (l
3565 2076 3814 2139 demum
3884 2084 4076 2158 atque

424 2181 496 2249 iu
541 2182 660 2245 hoc
708 2182 927 2245 codice
984 2189 1230 2245 tantum
1288 2182 1511 2265 primis
1579 2182 1849 2265 triginta
1904 2184 2183 2266 quinque
2241 2183 2630 2247 carminibus
2675 2183 2779 2245 vel
2847 2182 3203 2265 adscriptos
3253 2181 3351 2244 vel
3422 2181 3850 2265 praescriptos
3907 2202 4074 2266 esse;

425 2306 572 2371 nam
619 2287 769 2351 inde
815 2307 853 2349 a
898 2287 1176 2352 carmine
1222 2287 1525 2352 XXXVI
1572 2288 1637 2351 in
1684 2290 1850 2353 libro
1898 2291 1956 2352 D
2004 2299 2069 2354 ct
2117 2291 2566 2374 inscriptiones
2620 2290 2934 2369 miniatas,
3006 2309 3163 2369 quas
3216 2288 3423 2371 prima
3479 2308 3697 2352 manus
3743 2289 4072 2372 pinxisset,

428 2400 497 2456 et
552 2413 847 2457 numeros
918 2395 1264 2458 carminum
1334 2396 1728 2478 singulorum
1795 2399 1878 2460 ab
1945 2396 2166 2461 eadem
2223 2398 2582 2481 adscriptos
2638 2396 2950 2461 desinere.
3043 2395 3217 2476 Ergo
3273 2396 3356 2458 ad
3411 2395 3573 2459 hanc
3631 2415 3882 2476 quoque
3941 2416 4072 2460 rem

340 2568 353 2576 ,
416 2498 830 2580 judicandam
884 2501 1101 2566 codice
1156 2522 1270 2565 suo
1326 2503 1576 2568 Datano
1632 2523 1779 2567 usus
1836 2512 1952 2568 est.
2045 2504 2259 2568 Aliter
2304 2504 2760 2584 Baehrensius,
2833 2496 3038 2584 quiSS)
3110 2502 3328 2565 titulos
3394 2512 3730 2585 postquam
3801 2504 4074 2586 scriptus

429 2616 597 2673 esset
653 2608 819 2671 liber
864 2607 927 2669 V
972 2628 1050 2671 eo
1121 2609 1353 2673 inlatos
1421 2629 1562 2674 esse
1627 2611 2013 2694 suspicatur3
2087 2631 2321 2693 eosque
2390 2611 2566 2695 prius
2635 2612 2700 2673 in
2748 2609 2809 2672 V
2857 2607 3131 2673 defuisse
3186 2629 3263 2672 ea
3327 2628 3398 2671 re
3454 2608 3890 2672 demonstrare
3935 2610 4075 2673 vult

431 2714 606 2795 quod
653 2714 707 2777 O
756 2734 866 2777 eos
914 2735 1039 2778 non
1085 2714 1312 2796 habet,
1383 2716 1559 2799 cujus
1614 2717 1765 2780 libri
1819 2718 2096 2801 scriptor
2141 2718 2254 2781 illa
2299 2718 2379 2782 de
2428 2738 2619 2783 causa
2664 2737 2774 2781 eos
2829 2736 2956 2779 non
3003 2715 3416 2799 adscripsisse
3473 2716 3851 2799 suspicatur,
3923 2717 4074 2798 quia

426 2819 696 2902 primam
744 2828 986 2885 tantum
1035 2820 1426 2886 Veronensis
1496 2843 1746 2888 manum
1814 2824 2085 2888 reddere
2133 2824 2465 2905 voluisset,
2536 2845 2576 2888 a
2631 2845 2755 2905 quo
2813 2823 3085 2908 proinde
3155 2822 3326 2885 tituli
3395 2821 3664 2905 profecti
3736 2841 3874 2885 esse
3942 2843 4070 2885 non

396 2916 706 3010 ‘possent
801 2927 976 3005 Quae
1032 2920 1133 2993 res
1190 2929 1527 2993 admodum
1587 2950 1726 2994 eum
1774 2929 2021 2997 fefellit.
2115 2930 2284 2996 Huic
2341 2931 2701 3013 quaestioni
2758 2930 3017 2996 collatio
3076 2928 3313 2993 codicis
3381 2928 3790 3012 oxoniensis,
3884 2950 4069 3011 quam

425 3032 756 3118 Schulzius
804 3035 1107 3116 instituit,
1169 3057 1359 3117 quam
1405 3037 1744 3121 plurimum
1788 3039 2049 3122 profuit.
2142 3037 2260 3102 Ille
2306 3040 2476 3102 enim
2523 3040 2629 3120 qui
2679 3038 2961 3102 codicem
3013 3035 3415 3120 transcripsit
3459 3055 3762 3099 summam
3810 3057 4070 3120 operam

424 3147 617 3228 atque
631 3162 843 3205 curam
857 3141 924 3204 in
936 3141 1521 3208 fidamVeroneusis
1554 3144 1992 3209 exarationem
2023 3147 2313 3211 contulit.
2362 3146 2457 3209 Ea
2489 3146 2570 3210 de
2603 3165 2792 3209 causa
2825 3165 2943 3228 pro
2979 3144 3224 3227 magnis
3257 3143 3492 3207 litteris
3523 3143 3876 3206 initialibus
3911 3164 4069 3225 quas

422 3255 651 3329 postea
670 3247 737 3310 in
762 3248 963 3313 initiis
987 3250 1331 3313 carminum
1356 3251 1534 3315 vario
1558 3252 1775 3317 colore
1798 3253 2066 3336 pingere
2084 3253 2364 3333 volebat,
2391 3252 2791 3332 minusculas,
2818 3271 2892 3314 ea
2918 3251 3000 3315 de
3023 3271 3212 3315 causa
3236 3250 3344 3312 ubi
3369 3270 3588 3313 versus
3612 3257 3722 3313 aut
3744 3250 4071 3314 exciderat

425 3361 537 3416 aut
582 3352 741 3418 falso
788 3355 930 3420 loco
977 3357 1302 3420 contextui
1348 3357 1625 3423 insertus
1671 3366 1839 3442 erat,
1888 3359 2138 3441 signum
2169 3358 2246 3436 4-
2276 3359 2550 3442 margini
2595 3358 2894 3443 apposuit
2938 3369 3010 3422 ut
3055 3367 3280 3441 postea
3326 3377 3439 3420 suo
3485 3357 3627 3420 loco
3661 3377 3802 3420 eum
3836 3358 4067 3421 adscri-

421 3460 635 3524 beret:
692 3461 879 3550 hujus
923 3463 1111 3546 primi
1159 3464 1407 3527 consilii
1454 3473 1565 3528 aut
1611 3466 1847 3530 oblitus
1894 3475 2004 3530 aut
2027 3501 2113 3508 —-
2138 3465 2205 3528 id
2253 3466 2420 3548 quod
2469 3466 2874 3530 verisimilius
2922 3473 3020 3528 est
3043 3500 3128 3507 —-
3153 3464 3529 3548 perficiendi
3575 3464 3810 3526 nullam
3843 3473 4068 3528 nactus

426 3577 526 3631 est
552 3570 1139 3664 ‘opportunitatem
1210 3568 1480 3654 perfecit
1544 3572 1626 3635 ad
1683 3574 1800 3653 2,ι.
1843 3573 2002 3654 68,1.
2048 3573 2208 3653 69,1.
2298 3573 2389 3635 Ea
2436 3572 2633 3656 igitur
2680 3571 2818 3656 ipsa
2864 3572 2946 3636 de
2992 3591 3183 3635 causa
3227 3581 3293 3634 et
3340 3579 3675 3654 praetcrea
3719 3591 3800 3634 ne
3847 3571 4069 3634 titulos

423 3684 650 3764 postea
718 3677 999 3740 scribere
1030 3677 1472 3760 „neglegeren
1545 3687 1804 3762 praeter
1872 3679 2122 3743 litteras
2191 3679 2602 3760 minusculas,
2676 3687 2748 3742 ut
2814 3680 3054 3762 primos
3118 3678 3466 3742 carminum
3534 3697 3755 3740 versus
3823 3675 4071 3741 facilius

422 3792 854 3864 cognosceret,
882 3804 1009 3846 nou
1044 3803 1189 3847 raro
1221 3783 1331 3846 ubi
1354 3786 1637 3849 carmina
1665 3786 2062 3871 incipiebant
2091 3787 2343 3868 signum
2371 3786 2400 3866 Ιῖ
2437 3836 2452 3867 ,
2502 3786 2874 3870 plerumque
2907 3786 3121 3850 colore
3145 3787 3357 3866 rubro,
3381 3785 3465 3848 ad
3488 3804 3742 3847 carmen
3765 3785 3844 3847 31
3876 3784 4071 3847 variis

421 3889 744 3972 coloribus
776 3891 1015 3974 pictum
1045 3891 1319 3973 margini
1350 3892 1621 3956 addidit.
1670 3892 1847 3969 Quae
1877 3894 2076 3977 igitur
2105 3892 2270 3957 ratio
2303 3892 2648 3957 intercedit
2679 3893 2850 3956 inter
2873 3893 3058 3976 signa
3070 3892 3452 3956 Oxouiensis
3483 3901 3549 3956 et
3573 3891 3794 3955 titulos
3811 3891 4067 3954 Germa-

420 3996 675 4059 nensis‘?
720 3996 1000 4073 Quacum
1047 3998 1421 4079 quaestione
1467 3999 1653 4062 simul
1699 4000 1906 4065 altera
1947 4000 2063 4063 illa
2108 3985 2667 4080 conectenda'est,
2716 3999 2946 4080 quibus
2992 4000 3151 4064 locis
3195 4000 3385 4062 ambo
3431 3999 3685 4064 codices
3730 3988 4070 4062 intervalla

421 4103 776 4166 communia
821 4105 1209 4198 exhibeant„
1233 4106 1524 4170 omnibus
1571 4127 1791 4171 necne.
1865 4106 2022 4171 Cum
2066 4127 2296 4171 revera
2339 4107 2455 4170 illa
2499 4107 2665 4170 ratio
2712 4105 2904 4189 plane
2949 4116 3127 4170 certa
3170 4106 3274 4186 sit,
3324 4107 3543 4170 eodem
3593 4107 3781 4170 modo
3829 4126 3953 4187 quo
3999 4106 4066 4167 iu

421 4210 744 4274 codicibus
790 4210 845 4274 O
893 4220 960 4276 et
1007 4211 1069 4275 G
1113 4212 1307 4276 etiam
1353 4212 1418 4275 in
1465 4212 1554 4279 V.
1574 4222 1686 4277 aut
1754 4213 2041 4296 sejuncta
2094 4221 2207 4278 aut
2261 4214 2601 4296 conjuncta
2655 4213 2939 4277 carmina
2991 4214 3232 4297 scripta
3285 4213 3478 4278 fuisse
3532 4232 3779 4276 censeo,
3864 4212 4065 4275 Inter-

419 4316 658 4380 vallum
705 4336 786 4380 ex
830 4318 1145 4382 communi
1191 4318 1445 4382 illorum
1490 4339 1803 4385 consensu
1846 4321 1917 4384 in
1946 4321 2307 4386 Veronensi
2352 4320 2474 4385 fuit
2519 4322 2691 4384 inter
2721 4320 3002 4384 carmina
3052 4321 3176 4399 1,2.
3226 4320 3352 4400 3,4.
3402 4320 3531 4398 4,5.
3582 4319 3710 4401 6,7.
3762 4319 3885 4398 7,8.
3938 4317 4064 4398 8,9.

425 4422 638 4504 12,13.
694 4423 907 4503 13,14.
962 4423 1173 4506 17,21.
1220 4425 1328 4507 48,
1377 4425 1485 4508 49,
1533 4425 1639 4508 50,
1688 4426 1794 4509 51,
1843 4427 1951 4491 52.
2011 4427 2228 4509 55,56.
2291 4428 2510 4508 60,61.
2570 4423 2655 4510 (Ο
2703 4427 3106 4492 intervallum
3156 4426 3435 4508 quinque
3482 4446 3775 4488 versuum
3821 4420 4066 4506 habet).

420 4529 638 4611 61,62.
687 4530 904 4610 63,64.
954 4532 1226 4611 67,68“.
1276 4531 1550 4614 681369.
1602 4533 1817 4614 71,72.
1870 4534 2084 4616 76,77.
2138 4534 2353 4616 79,80.
2406 4533 2634 4616 88,89;
2684 4568 2769 4576 --
2815 4533 3235 4598 cohaeserunt
3279 4534 3462 4596 haec:
3536 4533 3652 4615 2¹⁸,
3704 4531 3819 4614 2¹³,
3870 4533 3929 4595 3.
3979 4565 4066 4574 —-

419 4635 480 4718 9,
535 4636 636 4716 10,
691 4636 792 4699 11.
843 4672 929 4679 -
980 4638 1083 4720 15,
1135 4639 1237 4722 16,
1291 4639 1392 4704 17.
1464 4639 1571 4721 21,
1620 4640 1729 4722 22,
1776 4641 1883 4721 23,
1933 4641 2039 4722 24,
2090 4641 2195 4722 25,
2244 4643 2351 4722 26,
2402 4642 2508 4722 27,
2558 4641 2664 4724 28,
2714 4638 2818 4721 29,
2869 4639 2975 4722 30,
3025 4642 3131 4711 31,
3180 4641 3285 4721 32,
3336 4641 3442 4721 33,
3491 4640 3596 4720 34,
3649 4641 3753 4721 35,
3803 4640 3908 4720 36,
3958 4639 4064 4720 37,

418 4742 523 4826 38,
573 4742 679 4824 39,
724 4743 833 4825 40,
879 4744 990 4827 41,
1036 4745 1144 4827 42,
1190 4745 1300 4828 43,
1345 4746 1454 4828 44,
1500 4744 1609 4828 45,
1657 4747 1764 4827 46,
1811 4747 1922 4828 47,
1968 4747 2078 4813 48.
2136 4783 2223 4792 -
2279 4746 2387 4830 52,
2437 4749 2545 4830 53,
2594 4747 2700 4829 54,
2749 4746 2856 4811 55.
2905 4780 2993 4789 -—
3048 4747 3155 4828 56,
3203 4746 3311 4829 57,
3358 4746 3464 4829 58,
3513 4747 3621 4829 59,
3670 4746 3776 4811 60.
3823 4780 3912 4789 -
3958 4747 4064 4827 65,

419 4849 524 4938 66,
574 4848 682 4914 67.
730 4884 818 4892 -
864 4849 1025 4933 68“,
1074 4849 1238 4916 68¹².
1285 4887 1372 4896 -—
1420 4852 1527 4936 69,
1578 4852 1681 4937 70,
1735 4853 1840 4918 71.
1887 4888 1974 4896 -
2026 4855 2129 4939 72,
2181 4855 2284 4939 73,
2336 4839 2446 4937 74,
2492 4853 2597 4937 75,
2649 4854 2752 4919 76.
2800 4888 2887 4897 -
2923 4854 3026 4937 77,
3066 4853 3169 4937 78,
3207 4854 3309 4919 79.
3358 4888 3446 4897 --
3494 4853 3599 4936 80,
3649 4853 3755 4937 81,
3805 4853 3908 4937 82,
3960 4853 4064 4935 83,

623 5055 692 5128 87)
725 5058 764 5113 l.
802 5059 839 5116 l.
874 5075 964 5128 pg.
1003 5062 1092 5117 97.

624 5145 693 5216 ⁸⁸)
728 5147 766 5204 1.
802 5147 838 5202 l.
875 5163 964 5217 pg.
998 5147 1221 5204 XXXII.
