4787 5950
2366 625 2413 691 6

2284 718 2299 725 ν
2308 714 2329 725 v
2342 711 2609 727 νπκ-νυ-κῆ-’νΝ-Γῤ

570 842 919 928 complura,
976 843 1301 906 minimum
1357 844 1483 907 duo
1536 844 1690 908 inde
1746 843 2059 927 originem
2114 838 2434 909 duxisse.“
2530 844 2955 908 Baehrensius
3010 843 3262 925 longius
3318 843 3640 928 profectus
3699 854 3813 909 est.
3909 844 4217 909 Codicem

567 949 996 1013 Oxoniensem
1058 969 1242 1030 quem
1299 949 1554 1032 quidem
1610 949 1869 1015 Ellisius
1922 951 2162 1034 primus
2220 952 2504 1035 inspexit
2548 960 2632 1032 et,
2691 951 2841 1032 quia
2895 970 2975 1014 ex
3031 951 3223 1014 rebus
3279 951 3601 1016 nonnullis
3660 953 4012 1018 observatis
4067 972 4217 1015 eum

566 1055 1099 1138 Sangermanensi
1147 1057 1307 1120 mire
1351 1057 1711 1121 consentire
1759 1057 1817 1120 ei
1864 1057 2220 1140 videbatur,
2288 1058 2479 1142 plane
2525 1057 2840 1140 neglexit,
2911 1077 3290 1139 quamquam
3345 1067 3457 1123 aut
3510 1059 4016 1142 antiquissimum
4066 1080 4216 1123 eum

564 1163 819 1227 illorum
877 1163 987 1245 qui
1044 1171 1383 1247 supersunt
1427 1171 1538 1227 aut
1582 1184 1708 1228 uno
1756 1162 2291 1247 Sangermanensi
2336 1163 2702 1228 inferiorem
2750 1184 2888 1228 esse
2934 1158 3389 1247 opinabaturss)
3437 1199 3524 1208 -
3570 1175 3642 1230 ut
3686 1166 3991 1249 optimum
4039 1167 4213 1230 enim

566 1270 850 1334 codicem
894 1270 953 1333 D
1000 1269 1289 1333 laudavit
1333 1304 1440 1351 —,
1502 1270 1991 1353 diligentissime
2055 1271 2165 1335 ille
2232 1272 2506 1336 contulit
2562 1279 2628 1335 et
2682 1291 2810 1335 non
2868 1272 3055 1335 modo
3119 1270 3203 1334 ad
3258 1272 3640 1336 sententiam
3706 1274 3789 1335 ab
3843 1271 4070 1336 Ellisio
4128 1273 4213 1337 de

565 1384 887 1442 vetustate
928 1376 1064 1459 ejus
1107 1376 1301 1440 latam
1342 1376 1629 1459 accessit,
1678 1378 1792 1441 sed
1824 1378 2019 1442 etiam
2050 1377 2287 1442 fontem
2319 1398 2461 1442 eum
2507 1378 2998 1442 sincerissimum
3030 1379 3217 1442 nobis
3263 1378 3344 1441 ad
3391 1379 3852 1443 emendandum
3890 1378 4214 1443 Catullum

565 1503 703 1548 esse
769 1484 1108 1548 admodum
1162 1484 1480 1567 probavit.
1573 1483 1759 1561 Quod
1816 1483 1951 1566 ejus
2007 1485 2298 1549 meritum
2356 1485 2548 1548 etiam
2602 1484 3028 1567 Rossbergius
3044 1479 3123 1563 ²⁰)
3190 1485 3521 1568 praedicat
3575 1505 3692 1549 nec
3747 1481 4214 1566 Schwabiusm)

565 1611 946 1673 quamquam
992 1611 1168 1655 suam
1213 1590 1411 1675 ipsius
1458 1591 1539 1653 de
1585 1591 1838 1655 ratione
1882 1592 2171 1656 codicum
2204 1595 2258 1656 O
2293 1599 2357 1656 et
2391 1591 2452 1655 G
2498 1591 2878 1656 sententiam
2912 1612 3039 1654 non
3071 1590 3317 1675 profert
3361 1611 3596 1673 negare
3645 1592 3901 1674 quidem
3933 1593 4212 1656 videtur.

564 1691 1071 1778 Baehrensiusae)
1128 1698 1267 1781 ipse
1323 1718 1570 1762 omnem
1638 1699 2254 1780 argumentationem
2307 1719 2486 1763 suam
2541 1699 2622 1762 ad
2680 1698 2931 1762 codices
2989 1698 3049 1761 G
3105 1707 3171 1762 et
3225 1698 3279 1759 Ο
3337 1699 3762 1782 pertinentem
3825 1699 4044 1782 paucis
4111 1699 4216 1764 his

564 1806 780 1869 verbis
812 1804 1219 1893 constringit:
1276 1805 1369 1887 „O
1403 1811 1748 1888 propterea
1792 1805 1963 1886 quod
1994 1807 2376 1889 exemplaris
2399 1805 2793 1869 Veronensis
2827 1805 3052 1868 duetus
3098 1804 3233 1869 fere
3264 1805 3560 1890 depinxit
3589 1805 3907 1899 nullisque
3941 1806 4215 1872 indulsit

564 1912 947 1976 correcturis
999 1910 1265 1975 multum
1312 1910 1702 1994 multumque
1751 1911 1811 1975 G
1857 1912 2025 1976 libro
2070 1920 2386 1995 praestat,
2444 1913 2680 1995 quippe
2737 1911 2912 1993 cujus
2968 1911 3267 1975 librarius
3314 1920 3384 1977 ut
3431 1912 3734 1977 nonnulla
3787 1911 4217 1995 neglegenter

565 2038 641 2083 ex
690 2016 755 2080 V
803 2018 1231 2102 descripserit,
1280 2018 1373 2082 ita
1416 2038 1456 2081 a
1500 2018 1854 2083 temerariis
1899 2018 2504 2103 interpolationibus
2550 2039 2678 2082 non
2725 2012 3167 2082 abstinuerit.“

779 2125 1007 2189 Altero
1054 2124 1197 2189 loco
1244 2125 1527 2189 carmina
1560 2124 1795 2189 Catulli
1841 2126 1924 2190 de
1945 2125 2307 2190 Veronensi
2353 2126 2422 2188 in
2453 2133 2791 2207 utrumque
2837 2126 3118 2189 codicem
3164 2125 3388 2189 eodem
3431 2145 3634 2208 paene
3682 2134 3967 2209 tempore
4010 2136 4212 2189 trans·

564 2231 702 2296 lata
745 2252 900 2313 esse,
958 2232 1012 2296 si
1059 2232 1317 2296 omnino
1365 2232 1519 2314 quid
1563 2232 1989 2297 Baehrensius
2047 2224 2552 2317 approbavitae),
2592 2232 2660 2295 id
2717 2239 2816 2296 est
2861 2233 3096 2297 circum
3151 2252 3382 2295 annum
3436 2231 3607 2295 1375
3663 2254 3723 2314 p.
3775 2231 3923 2295 Chr.
3971 2253 4065 2314 n.;
4139 2242 4215 2297 at

562 2359 718 2403 vero
764 2359 891 2403 non
938 2339 1128 2403 modo
1174 2339 1242 2403 id
1286 2339 1492 2423 ipsum
1540 2339 1953 2422 diligentiore
1997 2340 2476 2425 epigrammatis
2523 2339 2952 2425 explicatione
2997 2339 3401 2423 approbavit,
3450 2339 3561 2403 sed
3607 2338 3766 2401 illud
3813 2359 4087 2421 quoque,
4139 2340 4210 2402 in

561 2444 720 2509 haec
766 2445 891 2508 duo
938 2452 1184 2509 tantum
1232 2445 1623 2530 exemplaria
1672 2446 1797 2511 fine
1844 2447 2079 2511 saeculi
2126 2442 2321 2511 XIVi
2377 2447 2658 2511 codicem
2705 2453 3025 2510 vetustum
3055 2445 3491 2509 Veronensem
3538 2446 3988 2529 transcriptum
4036 2466 4208 2530 esse3

563 2552 947 2636 approbavit
992 2551 1269 2634 denique
1326 2572 1444 2636 per
1487 2553 1811 2637 proximos
1872 2554 2339 2637 quinquaginta
2391 2573 2593 2617 annos
2643 2552 2960 2617 Catullum
3015 2553 3245 2615 iterum
3301 2552 3394 2616 ita
3446 2551 3808 2634 neglectum
3866 2551 4075 2635 fuisse,
4134 2561 4212 2616 ut

562 2679 730 2723 anno
781 2660 952 2723 1425
1008 2659 1216 2723 denuo
1272 2660 1452 2741 quasi
1507 2679 1544 2723 e
1599 2661 1882 2724 tenebris
1939 2661 2006 2723 in
2052 2660 2258 2725 lucem
2304 2667 2667 2744 protractus
2727 2658 2870 2741 jure
2925 2659 3265 2722 diceretur.
3357 2658 3527 2736 Quas
3573 2659 3907 2742 opiniones
3953 2666 4211 2724 nostras

561 2765 771 2830 facere
828 2774 1183 2849 temporum
1233 2765 1486 2830 illorum
1541 2767 2029 2831 necessitatibus
2091 2787 2295 2850 paene
2350 2765 2656 2848 cogimur.
2748 2767 3041 2830 Tenebat
3096 2765 3263 2829 enim
3318 2786 3436 2848 per
3479 2765 3640 2829 illud
3695 2767 3900 2850 ipsum
3955 2775 4210 2850 tempus

563 2875 781 2938 orbem
828 2880 1141 2937 terrarum
1189 2881 1399 2937 terror
1442 2873 1797 2938 schismatis
1844 2873 2015 2955 quod
2062 2874 2296 2938 dicitur
2341 2873 2757 2938 ecclesiastici
2805 2908 2891 2915 —
2936 2874 3018 2936 ab
3064 2893 3233 2937 anno
3272 2872 3442 2935 1378
3489 2872 3571 2936 ad
3618 2893 3851 2936 annum
3889 2874 4058 2936 1418
4094 2908 4206 2955 —,

563 2983 734 3063 quod
780 3002 919 3045 cum
964 2980 1194 3046 Italiae
1239 2981 1533 3064 ingentes
1579 2980 1975 3045 calamitates
2031 2981 2325 3063 inferret,
2381 2981 2612 3045 studiis
2670 2980 3166 3061 humanioribus,
3224 3000 3388 3061 quae
3443 2980 3534 3042 ibi
3591 2979 3715 3062 jam
3762 2965 4206 3063 florescebant,

561 3089 974 3153 vehementer
1018 3089 1262 3153 oberat.
1356 3087 1566 3165 Quare
1612 3108 1739 3151 non
1789 3089 2013 3151 mirum
2059 3097 2183 3169 est,
2242 3088 2295 3152 si
2341 3094 2572 3171 poe'tae
2617 3087 2740 3150 xiri
2789 3086 2965 3151 docti
3012 3086 3402 3168 aliquamdiu
3448 3086 3633 3150 obliti
3681 3096 3861 3170 sunt3
3934 3088 4046 3151 sed
4092 3088 4207 3151 vix

561 3202 851 3279 tempora
894 3195 1010 3258 illa
1054 3201 1249 3276 atque
1295 3194 1662 3258 discrimina
1706 3195 2191 3277 praeterierant,
2240 3192 2409 3257 mala
2452 3193 2654 3257 lenita
2684 3202 2895 3258 erant:
2947 3200 3014 3257 et
3045 3201 3276 3277 poetae
3315 3194 3519 3257 nostri
3567 3195 3774 3258 denuo
3820 3194 3894 3258 fit
3941 3195 4206 3259 mentio.

561 3295 1067 3382 Baehrensiusffl)
1113 3301 1276 3366 adeo
1321 3321 1361 3364 a
1391 3301 1641 3383 Poggio
1687 3301 1828 3384 ipso
1873 3300 2042 3364 felici
2088 3300 2202 3365 illo
2235 3300 2808 3384 manuscriptorum
2842 3301 3178 3364 inventore
3212 3299 3531 3364 Catullum
3561 3321 3618 3364 a.
3661 3300 3831 3365 1425
3878 3310 4202 3385 repertum

560 3410 1051 3495 posteritatique
1108 3408 1426 3472 redditum
1481 3427 1620 3472 esse
1675 3407 2043 3472 arbitratur.
2135 3406 2299 3471 Num
2348 3415 2416 3472 et
2458 3408 2580 3471 hoc
2624 3415 2871 3471 rectum
2920 3406 3008 3470 sit
3052 3415 3119 3471 et
3162 3406 3320 3470 illud
3366 3408 3461 3470 ita
3504 3427 3573 3488 se
3617 3408 3852 3471 habeat
3898 3415 3970 3472 ut
4017 3408 4204 3472 dicit:

567 3517 896 3600 „Poggius
963 3536 1111 3579 num
1179 3516 1386 3600 ipsum
1454 3514 2063 3596 Sangermanensem
2132 3535 2215 3579 an
2278 3515 2462 3597 hujus
2528 3513 2970 3598 apographum
3034 3515 3393 3598 reppererit
3473 3511 3646 3594 (nam
3714 3513 3794 3578 de
3849 3513 3912 3574 V
3971 3516 4204 3578 iterum

560 3631 819 3708 reperto
867 3672 882 3686 .
933 3673 948 3687 .
1000 3673 1015 3687 .
1067 3672 1082 3687 .
1130 3622 1308 3686 nullo
1354 3622 1545 3686 modo
1592 3628 1804 3705 potest
1847 3618 2147 3705 cogitari)
2202 3622 2325 3686 hoc
2382 3621 2706 3705 explorari
2761 3614 3050 3702 nequit“,
3108 3621 3247 3702 quis
3305 3629 3405 3684 est
3449 3620 3558 3701 qui
3602 3621 3836 3683 audeat
3881 3621 3963 3684 de
4009 3641 4086 3684 ea
4129 3642 4207 3686 re

560 3732 960 3814 disceptare?
1034 3729 1326 3811 Namque
1372 3735 1552 3794 extat
1596 3728 1802 3792 adhuc
1854 3728 2016 3793 alius
2062 3729 2283 3809 codex,
2341 3727 2761 3792 Bononiensis
2820 3727 2928 3809 qui
2986 3727 3240 3808 dicitur,
3298 3727 3569 3809 scriptus
3624 3746 3791 3789 anno
3840 3726 4032 3808 1412,
4091 3729 4205 3808 qui

556 3838 641 3903 ad
688 3837 1000 3919 originem
1046 3837 1326 3901 nondum
1372 3835 1527 3900 satis
1582 3834 1975 3899 examinatus
2022 3842 2140 3901 est.
2230 3835 2675 3916 BaehrensiuS,
2733 3834 2842 3915 qui
2897 3853 3040 3898 eum
3085 3854 3216 3897 non
3262 3833 3401 3916 ipse
3457 3832 3764 3915 inspexit,
3821 3832 3935 3894 sed
3982 3852 4018 3895 0
4064 3833 4212 3899 sola

556 3944 767 4010 Ellisii
796 3943 1211 4008 annotatione
1241 3942 1441 4024 novit,
1488 3940 1649 4005 illud
1680 3949 1928 4006 tantum
1959 3940 2227 4006 fortasse
2258 3962 2288 4012 ς
2320 3942 2628 4005 librorum
2661 3940 2702 4004 i.
2737 3959 2794 4003 e.
2828 3938 3136 4003 librorum
3180 3946 3536 4003 ceterorum
3579 3959 3718 4002 eum
3764 3944 4016 4020 patrem
4060 3957 4206 4003 esse

558 4051 899 4117 existimat.
990 4042 1297 4128 Ellisioffi)
1352 4048 1523 4114 idem
1578 4048 1750 4113 inter
1793 4047 2266 4129 antiquissimos
2321 4067 2460 4111 esse
2514 4046 2872 4128 multasque
2925 4065 3145 4129 passus
3212 4052 3606 4108 correcturas
3660 4043 3831 4105 visus
3888 4050 4016 4124 est,
4081 4063 4212 4114 nee.

779 4294 839 4365 ¹⁹)
875 4294 1019 4350 Prol.
1056 4294 1124 4349 ed
1161 4309 1248 4363 113.
1285 4292 1536 4348 XXXVI.

769 4383 840 4453 ²⁰)
880 4384 916 4440 1.
951 4384 988 4440 1.
1025 4399 1117 4454 pg.
1157 4382 1455 4437 168—171.

771 4471 845 4543 21)
883 4474 949 4530 ἱῐὶ.
986 4472 1049 4541 8.
1087 4473 1157 4528 213.
1194 4472 1229 4538 f.
1268 4469 1405 4539 Ἑῐγίῐ.
1443 4486 1495 4526 u.
1533 4469 1663 4538 wib.
1704 4470 1870 4524 1878:
1924 4484 1958 4522 a
1995 4468 2364 4536 Commentary
2404 4482 2473 4521 on
2511 4467 2751 4521 Catullus
2800 4465 2867 4535 by
2903 4466 2970 4521 R.
3008 4464 3142 4519 Ellis
3179 4480 3230 4533 p.
3268 4467 3399 4519 260:
3459 4464 3736 4536 „Untidytig
3783 4467 3949 4521 etrlfirt
3995 4464 4078 4532 fid)
4116 4467 4202 4518 ber

557 4563 801 4630 ssettnflet
836 4577 988 4634 gegeu
1023 4559 1101 4617 bie
1135 4558 1522 4625 fficmfatinfntm
1557 4558 1785 4627 Arabas,
1832 4556 1909 4612 bie
1942 4555 2180 4624 ssfibrenss
2226 4554 2316 4609 mit
2353 4555 2500 4623 §flecht
2544 4555 2918 4624 autgenommen
2956 4553 3055 4622 bat.
3130 4553 3281 4609 menn
3327 4555 3391 4608 ba
3435 4553 3512 4608 bie
3547 4552 3779 4620 >Di-form
3812 4553 3965 4624 ᾐών
4001 4552 4093 4608 mie
4129 4552 4196 4619 id>

559 4658 659 4708 (1119
696 4651 859 4725 tiflnet
880 4650 1234 4724 sserqleidyung
1259 4647 1512 4719 bestiitigen
1549 4648 1690 4712 rann,
1726 4646 1986 4701 arabasve
2023 4643 2109 4714 bot
2130 4645 2233 4699 111111
2258 4644 2334 4699 bie
2368 4657 2470 4699 non
2495 4644 2571 4700 St.
2598 4642 2850 4697 Germain
2875 4641 3154 4711 arabaesq3
3193 4643 3312 4710 (bus
3337 4643 3489 4698 beutet
3514 4644 3613 4710 αῐὶο
3642 4643 3727 4710 auf
3749 4640 4193 4714 nrfpriinqlicberess

558 4741 812 4811 arabaes)
848 4739 1005 4806 bietet,
1039 4741 1090 4808 fn
1126 4738 1248 4806 1111ιῇ
1284 4736 1361 4793 bie
1396 4736 1639 4806 butdyauss
1674 4736 1895 4803 tabessnfe
1930 4734 2087 4805 gorm
2121 4733 2334 4791 Arabas
2373 4733 2640 4804 angelun'm
2679 4733 2919 4788 mathew&

772 4826 840 4899 22)
874 4829 910 4883 1.
945 4829 984 4886 1.
1019 4844 1108 4898 113.
1144 4826 1344 4883 XVIII.

770 4917 839 4989 ²⁸)
873 4918 911 4973 l.
947 4918 985 4976 l.
1020 4933 1111 4987 113.
1146 4916 1292 4972 XIV.

770 5006 840 5075 ²⁴)
875 5007 913 5065 l.
948 5007 984 5061 1.
1022 5021 1113 5076 113.
1147 5005 1318 5062 ΧΧΧ.

771 5095 842 5167 2·”)
878 5097 915 5153 1.
949 5096 986 5151 1.
1024 5111 1113 5165 pg.
1148 5095 1449 5153 XXXVIII.
