4787 5950
2534 605 2625 674 36

754 822 866 904 qui
914 822 1165 887 demum
1199 844 1279 889 ex
1310 824 1697 909 Archetyp0‚
1748 826 1924 909 cujus
1969 826 2286 910 scriptura
2330 826 2677 909 majuscula
2691 823 2781 909 ¹⁰⁸)
2827 828 3067 912 fuisset,
3115 830 3369 894 saeculo
3415 829 3549 895 fere
3596 839 3825 896 octavo
3871 845 4170 898 exaratus
4216 844 4403 915 esset,

756 932 854 996 illi
902 941 1283 998 statuerunt.

967 1041 1392 1107 Baehrensius
1460 1044 1623 1108 adeo
1679 1063 1714 1107 e
1768 1043 2016 1109 mendis
2081 1044 2234 1107 libri
2278 1041 2336 1106 V
2381 1064 2546 1127 quae
2590 1043 2943 1127 Archetypi
3009 1042 3264 1108 fuerunt
3322 1065 3397 1108 ea
3451 1044 3797 1129 deligenda
3849 1045 3974 1110 sibi
4040 1046 4401 1131 proposuit;

752 1166 1027 1230 namque
1072 1168 1109 1213 e
1156 1149 1476 1213 nonnullis
1532 1148 1787 1213 illorum
1842 1156 2065 1235 aperta
2121 1151 2371 1235 priscae
2426 1150 2924 1234 orthographiae
2971 1152 3243 1233 vestigia
3298 1151 3597 1234 cognosci
3642 1134 3830 1236 posse
3847 1203 3862 1234 ,
3923 1172 4085 1234 quae
4142 1153 4404 1237 propria

749 1254 976 1320 fuisset
1019 1256 1405 1341 Archetypi3
1478 1257 1691 1320 omnia
1734 1277 1908 1340 vero,
1955 1257 2285 1322 Thuanaei
2331 1265 2400 1323 et
2442 1257 2836 1322 Veronensis
2881 1257 3316 1342 Archetypum
3363 1279 3444 1323 ex
3491 1259 3840 1343 exemplari
3885 1281 4016 1325 non
4063 1261 4402 1326 emendato

754 1363 1051 1445 quodque
1096 1363 1165 1425 in
1209 1362 1335 1428 fine
1391 1363 1793 1445 antiquitatis
1848 1364 2246 1447 grammatici
2299 1363 2566 1447 alicujus
2622 1385 2805 1428 curas
2862 1385 2988 1428 non
3036 1373 3366 1449 expertum
3414 1374 3582 1430 esset
3644 1367 4035 1450 provenisse,
4104 1368 4398 1452 prodere.

748 1468 943 1535 Hunc
999 1470 1435 1554 Archetypum
1492 1470 1762 1554 opponit
1817 1471 2024 1535 codici
2081 1472 2330 1535 cuidam
2379 1471 2631 1535 Gallico
2689 1491 2770 1536 ex
2826 1493 2952 1554 quo
3009 1473 3219 1537 varias
3286 1472 3593 1537 lectiones
3648 1482 3717 1538 et
3773 1473 4022 1541 titulos
4055 1494 4400 1556 versusque

750 1577 1025 1660 margini
1071 1578 1397 1661 appositos
1451 1578 1518 1640 in
1564 1574 1995 1649 Veronensem
2043 1578 2369 1662 adscripta
2414 1598 2555 1643 esse
2568 1574 2666 1658 104)
2722 1579 3106 1663 suspicatum
3178 1580 3448 1644 eundem
3495 1580 3699 1663 ipsum
3747 1581 4030 1644 codicem
4080 1581 4398 1645 Gallicum

755 1686 891 1749 sive
924 1692 1201 1749 exeunte
1246 1684 1629 1766 antiquitate
1676 1685 1811 1748 sive
1856 1685 2118 1749 ineunte
2162 1685 2373 1749 medio
2419 1706 2579 1749 aevo
2625 1706 2665 1749 a
2709 1686 3124 1768 grammatico
3157 1686 3431 1768 quodam
3465 1686 3699 1770 passim
3730 1706 3869 1751 esse
3902 1697 4257 1751 correctum
4270 1682 4397 1768 ¹⁰⁵).

751 1792 995 1856 Contra
1038 1789 1477 1875 Archetypum
1523 1799 1883 1855 nostrorum
1931 1791 2210 1855 omnium
2258 1781 2830 1876 manuscriptorum
2876 1800 2942 1856 et
2988 1792 3274 1857 codicem
3317 1793 3496 1856 illum
3519 1793 3848 1876 Belgicum
3895 1795 4030 1858 sive
4081 1794 4397 1858 Gallicum

751 1919 831 1964 ex
879 1899 1279 1982 grammatici
1324 1898 1648 1981 cujusdam
1695 1898 2065 1964 recensione
2111 1899 2256 1963 aevi
2299 1899 2723 1963 Frontoniani
2767 1899 3039 1979 fluxisse,
3111 1900 3220 1981 qui
3276 1901 3547 1964 conlatis
3615 1900 3743 1964 illis
3802 1900 4057 1982 quidem
4117 1902 4398 1983 antiquis

750 2006 1239 2090 exemplaribuS‚
1296 2026 1539 2070 summa
1592 2012 1806 2069 tamen
1862 2005 2127 2069 licentia
2180 2005 2717 2089 neglegentiaque
2771 2007 2838 2069 in
2883 2006 3278 2070 instituenda
3331 2027 3499 2071 nova
3542 2007 3824 2071 editione
3869 2015 4158 2073 versatus
4205 2016 4394 2088 esset,

747 2122 816 2179 et
861 2121 935 2177 ut
978 2121 1344 2198 captassent
1397 2112 1794 2196 grammatici
1840 2118 1976 2176 tum
2021 2113 2427 2196 archaismOS,
2495 2113 2730 2177 formas
2774 2133 2814 2176 a
2857 2120 3051 2197 poeta
3094 2113 3286 2197 plane
3341 2113 3585 2178 alienas
3642 2102 3983 2195 (consonas
4029 2135 4158 2178 non
4204 2114 4396 2197 gemi-

745 2216 960 2301 natas)
995 2220 1398 2286 restituisset.
1492 2218 1661 2296 Quas
1706 2219 1957 2303 priscae
1990 2219 2487 2304 orthographiae
2531 2219 2764 2284 formas
2795 2220 3079 2303 agnovit,
3128 2239 3235 2285 eas
3271 2220 3636 2309 composuit
3681 2228 3789 2303 pg.
3829 2220 4049 2284 XLIV
4097 2230 4163 2285 et
4186 2220 4391 2304 XLV;

744 2329 904 2393 alias
949 2329 1337 2393 addiderunt
1378 2321 1922 2410 Rossbergius¹⁰⁶)
1970 2334 2037 2391 et
2081 2326 2410 2392 Sohulzms
2424 2322 2550 2411 ¹⁰⁷)

960 2434 1289 2500 Schulzius
1334 2442 1549 2500 tamen
1589 2433 1899 2518 imprimis
1945 2435 2349 2515 sententiam,
2399 2454 2584 2516 quam
2627 2433 3051 2497 Baehrensius
3098 2434 3180 2497 dc
3224 2433 3518 2498 consonis
3564 2455 3694 2498 non
3739 2434 4080 2517 geminatis
4126 2435 4399 2519 protulit

745 2552 811 2609 et
857 2563 894 2607 e
940 2542 1108 2607 libro
1153 2541 1209 2606 O
1256 2541 1607 2626 explicasse
1673 2540 1798 2605 sibi
1842 2540 2016 2604 visus
2087 2547 2213 2621 est,
2282 2542 2592 2605 acerrime
2662 2541 3081 2624 impugnavit.
3185 2540 3493 2605 Omnibus
3548 2541 3716 2604 enim
3763 2541 4055 2622 vocibus,
4129 2562 4395 2623 quarum

743 2669 1059 2715 consonae
1105 2649 1170 2712 in
1219 2648 1274 2713 Ο
1320 2670 1449 2713 non
1493 2648 1855 2732 geminatae
1900 2654 2065 2729 sunt,
2116 2649 2485 2732 compositis
2500 2641 2600 2729 ¹⁰⁸)
2646 2647 2804 2711 haec
2849 2646 3187 2711 conclusit:
3248 2647 3516 2731 primum
3568 2649 3628 2711 G
3673 2648 3808 2712 fere
3851 2648 4035 2711 binas
4082 2668 4395 2713 consonas

741 2758 1047 2822 exhibere
1102 2757 1214 2819 ubi
1275 2756 1329 2821 Ο
1387 2756 1669 2839 singulas
1723 2754 2090 2837 exhiberet3
2163 2774 2359 2837 quare
2414 2755 2600 2819 nobis
2659 2775 2787 2818 non
2832 2753 3029 2817 licere
3075 2754 3367 2818 conicere
3436 2754 3727 2818 omnibus
3799 2754 3957 2819 locis
4014 2754 4395 2838 scripturam

740 2863 1135 2930 Veronensis
1181 2863 1401 2928 codice
1446 2861 1502 2926 O
1548 2861 1797 2926 sincere
1843 2868 2163 2926 servatam
2212 2880 2367 2925 esse.
2461 2860 2626 2925 Nam
2672 2860 3095 2943 qualicunque
3141 2860 3344 2925 codex
3390 2863 3444 2923 Ο
3492 2870 3661 2926 esset
3706 2861 3831 2924 fide
3887 2870 4080 2942 atque
4103 2894 4106 2901 ·
4126 2861 4393 2926 auctori-

739 2980 904 3055 tate,
963 2972 1029 3035 in
1083 2969 1200 3035 illa
1252 2977 1467 3036 tamen
1520 2990 1595 3034 re
1639 2990 1782 3035 eum
1825 2968 2089 3033 infidum
2146 2988 2305 3051 esse,
2350 2967 2680 3032 vocabulis
2734 2988 2897 3049 quae
2953 2968 3020 3031 in
3075 2966 3129 3032 Ο
3187 2966 3347 3032 falso
3403 2967 3698 3034 consonis
3758 2967 4097 3051 geminatis
4153 2969 4395 3052 scripta

739 3088 889 3145 sunt
934 3077 1301 3162 compositis
1347 3077 1502 3142 satis
1555 3078 1874 3161 approbat
1928 3083 2122 3158 atque
2168 3074 2529 3158 confirmat;
2600 3093 2828 3139 revera
2871 3094 3000 3138 non
3045 3083 3195 3139 sunt
3238 3075 3619 3140 vocabula
3663 3076 4031 3157 quaedam
4077 3095 4393 3157 graeca·

737 3187 865 3252 nic
881 3207 918 3251 a
931 3237 947 3269 ‚
1004 3186 1073 3248 in
1119 3184 1348 3266 quibus
1394 3184 1814 3249 Baehrensius
1860 3183 2041 3248 velut
2106 3175 2561 3265 „phasellum“,
2625 3175 3003 3265 „pilleatus“
3055 3189 3345 3246 numerat
3367 3178 3493 3262 Μ),
3551 3183 3663 3246 sed
3711 3201 3862 3245 vere
3916 3181 4137 3246 latina.
4229 3182 4394 3245 Tum

686 3303 691 3316 ’
734 3293 1044 3359 lectiones
1113 3298 1415 3376 corrupte
1479 3290 1751 3355 traditas
1819 3307 2052 3370 easque
2133 3308 2262 3352 non
2342 3306 2578 3372 paucas
2662 3287 2848 3351 affert
2869 3283 2996 3369 ¹¹⁰),
3077 3307 3240 3369 quae
3308 3288 3736 3352 Oxoniensem
3807 3309 4116 3353 consonas
4183 3290 4391 3373 primo

738 3400 1096 3484 geminatas
1163 3398 1461 3462 habuisse
1530 3396 1764 3461 docent
1830 3403 2022 3477 atque
2098 3394 2558 3459 demonstrant.
2650 3394 2827 3476 Ergo
2895 3394 2962 3457 in
3019 3394 3240 3459 codice
3284 3395 3338 3460 Ο
3387 3394 3528 3478 ipso
3574 3395 3848 3477 vestigia
3916 3396 4094 3459 cerni
4160 3396 4391 3477 quibus

737 3513 1228 3591 cognosceretur
1275 3524 1585 3571 consonas
1638 3504 1708 3567 in
1752 3502 1817 3565 V
1862 3503 1929 3565 in
1977 3503 2343 3565 universum
2387 3507 2609 3566 nostro
2655 3501 2842 3565 modo
2888 3501 3240 3584 geminatas
3296 3500 3487 3565 fuisse
3547 3501 3693 3583 jure
3739 3498 4192 3583 contendit¹¹¹).
4272 3502 4391 3566 Cui

734 3615 878 3679 viro
924 3615 992 3677 in
1037 3613 1136 3676 his
1182 3630 1435 3694 quoque
1478 3612 1671 3675 rebus
1715 3609 2062 3674 assentior:
2133 3609 2406 3693 primum
2452 3607 2734 3672 codicem
2783 3607 2844 3671 G
2888 3607 2958 3670 in
3003 3628 3131 3689 quo
3175 3607 3671 3671 innumerabiles
3735 3606 3866 3671 fere
3913 3608 4389 3673 emendationes

736 3740 900 3804 quae
945 3720 1029 3785 ad
1074 3718 1399 3784 scribendi
1444 3717 1760 3781 rationem
1803 3716 2212 3800 pertinerent
2254 3716 2540 3779 inessent
2582 3714 2667 3778 ad
2714 3714 3240 3798 orthographiam
3295 3714 3806 3778 constituendam
3850 3734 4074 3798 parum
4122 3714 4389 3779 auctori-

735 3828 888 3893 tatis
931 3827 1198 3911 habere3
1270 3825 1503 3891 deinde
1548 3844 1688 3888 cum
1733 3823 2164 3887 Baehrensius
2211 3822 2567 3906 suspicatus
2613 3828 2783 3886 esset
2827 3820 3238 3886 Thuanaeum
3308 3841 3561 3903 quoque
3618 3821 3868 3904 saepius
3914 3820 4199 3903 singulas
4245 3841 4388 3885 con·

732 3955 923 4001 sonas
967 3955 1087 4019 pro
1132 3931 1471 4017 geminatis
1514 3931 1809 3995 habuisse
1826 3980 1841 4008 ‚
1887 3929 2069 3994 velut
2114 3929 2258 4010 62,6
2322 3922 2541 4012 „tera“
2593 3926 2765 4011 quod
2810 3934 2980 3992 esset
3029 3921 3314 4010 „terra“:
3385 3948 3466 3992 ex
3514 3929 3834 3991 contrario
3881 3927 3943 3987 V
3990 3946 4107 3991 nos
4153 3925 4386 3991 docere

732 4042 846 4107 illo
889 4041 1035 4106 loco
1086 4033 1388 4124 „contra“
1437 4038 1778 4121 legendum
1824 4057 1991 4119 esse3
2040 4037 2108 4098 in
2139 4056 2202 4100 v.
2236 4035 2318 4098 21
2354 4034 2626 4100 eundem
2672 4034 2955 4099 codicem
2999 4035 3271 4118 primum
3315 4034 3611 4098 habuisse
3657 4034 4072 4118 „complexua
4100 4027 4383 4115 velere“,

732 4149 847 4214 sed
893 4148 1037 4213 voci
1087 4140 1381 4231 „velere“
1431 4145 1697 4209 alteram
1743 4141 1772 4205 l
1817 4143 2312 4227 superscriptam
2358 4149 2427 4206 et
2469 4142 2537 4205 in
2582 4161 2771 4205 versu
2827 4142 2912 4204 22
2969 4162 3010 4205 a
3075 4142 3285 4225 prima
3350 4162 3541 4206 manu
3607 4140 3945 4205 lectionem
4019 4132 4378 4223 „avellere“

953 4373 1042 4444 ιοθ)
1083 4373 1152 4430 cf.
1192 4373 1434 4429 Schwab.
1471 4388 1562 4442 pg.
1595 4369 1845 4439 XXVIII,
1882 4369 2161 4423 Baehrens
2197 4385 2285 4437 pg.
2322 4367 2514 4424 XLIV.

948 4463 1039 4532 ¹⁰¹)
1072 4463 1110 4519 1.
1145 4463 1182 4518 1.
1219 4477 1309 4531 pg.
1344 4461 1487 4517 XLI.

946 4551 1034 4619 ¹⁰⁵)
1069 4552 1106 4606 l.
1140 4552 1176 4605 1.
1216 4567 1303 4621 pg.
1340 4549 1518 4605 XLIV
1554 4565 1634 4618 sq.

947 4639 1038 4710 ¹⁰⁶)
1078 4641 1143 4696 92.
1180 4639 1369 4709 Satyri).
1413 4639 1566 4693 1877.
1603 4652 1692 4707 με.
1733 4638 1849 4690 172.

946 4726 1038 4798 ¹⁰⁷)
1075 4729 1304 4784 Hermes
1337 4744 1431 4796 pg.
1464 4728 1552 4782 5¹7.

946 4817 1033 4889 ¹⁰⁸)
1067 4819 1105 4876 l.
1139 4819 1178 4876 l.
1212 4833 1299 4888 pg.
1336 4815 1437 4871 LII
1474 4831 1556 4884 sq.

944 4906 1029 4976 ¹⁰⁹)
1062 4908 1100 4964 l.
1137 4907 1173 4961 1.
1210 4922 1299 4976 pg.
1335 4903 1476 4959 LIV.

938 4995 1029 5064 ¹¹⁰)
1063 4995 1099 5049 1.
1137 4995 1174 5051 1.
1210 5010 1300 5064 με.
1335 4998 1423 5049 55.

942 5084 1026 5152 ¹¹¹)
1061 5083 1098 5139 l.
1134 5084 1172 5140 l.
1208 5099 1298 5152 pg.
1334 5085 1420 5138 56.
