4787 5950
2206 633 2290 700 37

414 852 770 937 profectam
817 872 983 934 esse3
1031 851 1100 915 in
1140 873 1243 916 vv.
1286 850 1392 915 53.
1450 848 1536 914 55
1593 852 1850 933 quidem
1908 871 2050 916 eum
2095 851 2334 917 habere
2385 844 2781 936 „acoluere“,
2828 851 2941 915 sed
2987 849 3273 915 vocalem
3323 844 3440 933 „a“
3491 851 3633 916 voci
3679 871 3843 934 quae
3886 870 4067 935 prae-

418 961 683 1026 cederet
749 958 1221 1042 adjungendam
1280 978 1444 1024 esse:
1521 958 1720 1039 „nulli
1789 953 2122 1024 acoluere“
2180 966 2247 1023 et
2302 959 2530 1041 „multi
2595 952 2929 1024 acoluere“
3004 957 3242 1039 „nullei
3311 952 3605 1023 coluere“
3664 966 3732 1023 et
3801 959 4065 1040 „multei

420 1062 740 1133 coluere“.
766 1100 854 1109 —-
884 1066 1058 1148 Ergo
1093 1066 1463 1148 conjectura
1492 1066 1865 1130 Baehrensii
1907 1086 2095 1148 quam
2125 1066 2207 1129 de
2253 1067 2626 1131 recensione
2671 1064 3071 1148 grammatici
3101 1064 3423 1147 cujusdam
3470 1065 3615 1129 aevi
3645 1066 4065 1131 Frontoniani

418 1175 649 1240 statuit
693 1173 1019 1237 reicienda
1064 1180 1181 1238 est.
1496 1240 1503 1253 ,

635 1279 798 1344 Sunt
842 1299 996 1344 vero
1044 1278 1217 1343 docti
1263 1279 1389 1342 viri
1435 1280 1544 1361 qui
1591 1299 1718 1342 non
1764 1279 1950 1343 modo
1999 1285 2385 1359 contextum,
2445 1279 2557 1343 sed
2604 1278 2889 1342 habitum
2947 1297 3200 1361 quoque
3256 1286 3588 1357 externum
3645 1278 3820 1362 prius
3867 1278 4064 1342 Vero·

423 1387 638 1451 nensis
686 1386 920 1450 deinde
952 1386 1305 1470 Archetypi
1352 1385 1715 1453 describere
1748 1385 2104 1449 voluerunt.
2173 1386 2410 1449 Eorum
2452 1405 2705 1467 quoque
2736 1384 3175 1449 Lachmannus
3220 1385 3459 1469 primus
3506 1392 3606 1448 est
3638 1392 3704 1449 et
3743 1385 4063 1469 princepe.

420 1492 757 1559 Profectus
823 1513 863 1556 a
929 1493 1250 1557 sententia
1302 1490 1641 1575 Scaligeri,
1711 1494 1994 1557 carmina
2061 1492 2348 1557 codicum
2404 1500 2764 1556 nostrorum
2835 1492 2960 1556 duo
3017 1490 3098 1553 87
3148 1498 3216 1555 et
3264 1491 3300 1553 7
3305 1490 3346 1554 5
3402 1498 3617 1576 partes
3685 1492 3870 1555 unius
3926 1511 4066 1556 oese

412 1600 785 1684 judicantis,
833 1598 1009 1663 nisus
1043 1599 1186 1663 aliis
1232 1598 1475 1662 lacunis
1508 1599 1714 1663 codici
1737 1598 2097 1664 Veronensi
2141 1599 2410 1683 paginas
2455 1598 2537 1662 76
2584 1597 2782 1678 dedit,
2833 1618 3094 1681 quarum
3142 1617 3429 1680 quaeque
3475 1618 3693 1663 versus
3740 1598 4067 1663 habuisset

424 1708 722 1772 tricenos.
815 1704 1016 1782 Quam
1084 1706 1286 1789 ipsam
1357 1706 1868 1769 distributionem
1939 1714 2275 1790 postquam
2346 1704 2665 1789 Hauptius
2733 1704 3128 1787 argumentis
3195 1705 3678 1787 rationibusque
3750 1704 4066 1769 affirmare

422 1809 799 1895 studuit¹'²),
854 1813 1078 1883 eadem
1127 1812 1419 1894 quaestio
1466 1812 1680 1876 multis
1727 1813 1966 1877 criticis
2011 1813 2212 1876 aciem
2258 1811 2501 1896 ingenii
2546 1812 2642 1875 sui
2689 1811 2960 1875 acuendi
3007 1812 3242 1876 obtulit
3285 1810 3672 1876 facultatem.
3750 1810 3879 1876 Sed
3925 1832 4064 1876 cum

427 1940 643 1985 omnes
695 1921 779 1984 ad
826 1920 1017 1984 alium
1066 1918 1256 1982 finem
1301 1919 1744 2003 pervenerint,
1807 1919 1942 2001 jam
1989 1919 2248 2001 juvaret
2295 1919 2351 1983 si
2396 1919 2621 1983 saltem
2691 1917 2958 1981 alterum
3015 1925 3223 1981 utrum
3292 1924 3540 1983 tantum
3608 1918 3943 1984 accidisset
4000 1924 4066 1982 et

425 2047 643 2091 omnes
677 2034 788 2090 aut
833 2047 871 2090 a
903 2026 1078 2091 falsis
1114 2026 1506 2109 argumentis
1552 2024 1821 2109 profecti
1854 2034 2066 2090 essent
2099 2035 2209 2090 aut
2233 2045 2269 2089 e
2293 2026 2488 2090 rectis
2520 2025 2910 2108 argumentis
2943 2024 3133 2089 falsas
3160 2025 3597 2090 conclusiones
3626 2025 4061 2089 deduxissent.

426 2133 561 2197 Nec
617 2143 831 2197 tamen
899 2140 1008 2197 aut
1054 2132 1173 2197 hoc
1241 2140 1352 2195 aut
1407 2130 1585 2214 illud,
1654 2132 1767 2195 sed
1813 2138 2148 2213 utrumque
2217 2132 2294 2196 iis
2340 2132 2594 2195 accidit.
2672 2132 3088 2214 Antiquiores
3156 2132 3532 2216 paginarum
3602 2132 4064 2216 descriptiones

421 2241 779 2304 accuratius
825 2246 1282 2304 recensuerunt
1327 2237 1696 2303 Schwabius
1713 2233 1806 2317 ¹¹⁸)
1855 2247 1919 2302 et
1966 2238 2222 2303 Ellisius
2239 2234 2354 2315 ¹¹⁴).
2431 2238 2588 2302 Post
2634 2239 2747 2302 hos
2795 2238 2953 2303 duos
2997 2239 3167 2302 viros
3213 2238 3558 2303 Muellerus
3579 2234 3668 2319 ιιξ’)
3716 2240 3798 2303 de
3843 2239 4067 2302 eadem

427 2367 498 2411 re
544 2367 747 2432 pauca
794 2346 985 2410 dixit:
1079 2345 1390 2428 „Saeculo
1437 2365 1605 2409 nono
1652 2345 1907 2409 videtur
1953 2345 2240 2410 extitisse
2286 2346 2352 2409 in
2405 2346 2614 2409 Gallia
2651 2394 2843 2410 .....
2882 2346 3086 2409 codex
3132 2344 3390 2426 quidam
3435 2346 3784 2409 carminum
3832 2345 4070 2409 Catulli

426 2455 746 2538 scriptura
800 2453 1289 2537 Longobardica
1344 2460 1416 2515 ut
1470 2459 1646 2536 puto,
1716 2453 1870 2516 satis
1938 2452 2191 2535 quidem
2237 2452 2351 2518 ille
2410 2453 2744 2517 mendosus
2813 2474 2886 2516 ac
2953 2452 3145 2517 lacer.
3205 2452 3327 2515 'Et
3380 2452 3547 2517 hunc
3603 2452 3814 2537 potius
3883 2472 4072 2534 quam

427 2561 756 2645 exemplar
799 2540 1173 2626 Veronense
1231 2559 1610 2643 paginarum
1663 2554 2113 2624 distributione
2183 2579 2256 2623 ea
2314 2579 2502 2641 quam
2549 2558 2987 2624 Lachmannus
3055 2560 3563 2643 repraesentavit
3629 2561 3696 2623 in
3765 2560 4070 2639 editione,

428 2670 617 2733 modo
664 2689 884 2733 verum
932 2668 1018 2731 sit
1065 2667 1201 2750 ejus
1248 2668 1595 2746 inventum,
1652 2667 2002 2730 rectissime
2049 2666 2294 2731 monuit
2337 2664 2708 2730 Schwabius
2753 2687 2861 2751 pg.
2909 2661 3278 2729 XXXIX.“
3371 2665 3793 2750 Sagacissime
3860 2675 4074 2731 autem

427 2775 792 2840 Pleitnerus
808 2768 898 2856 ¹¹⁶)
945 2774 1237 2839 omnibus
1284 2772 1536 2837 auxiliis
1583 2792 1743 2853 quae
1790 2775 1873 2837 ab
1918 2774 1998 2837 iis
2046 2774 2156 2857 qui
2201 2779 2392 2836 antea
2438 2774 2705 2837 eandem
2737 2773 3066 2837 materiam
3097 2780 3534 2839 tractaverant
3579 2774 3844 2841 inventa
3888 2780 4074 2837 erant

423 2884 661 2947 abusus
707 2888 823 2945 est.
871 2880 1047 2958 Quae
1094 2879 1432 2962 qualiaque
1477 2880 1836 2963 reppererit
1880 2880 2166 2945 breviter
2210 2878 2567 2944 illustrabo,
2671 2899 2680 2915 ³

644 2988 1093 3066 Quaestionem
1139 3009 1290 3050 num
1334 2988 1616 3051 carmina
1659 3008 1698 3051 a
1745 2987 1999 3051 Catullo
2046 2988 2221 3053 edita
2267 2987 2481 3051 omnia
2532 2987 2770 3051 nostris
2836 2987 3282 3071 manuscriptis
3349 2994 3604 3051 servata
3670 2987 3800 3051 sint
3867 3008 4075 3071 neque

428 3095 589 3159 ordo
638 3116 853 3160 eorum
899 3115 938 3159 a
984 3102 1178 3179 poeta
1232 3095 1373 3178 ipso
1428 3093 1756 3158 institutus
1814 3101 2089 3159 mutatus
2136 3095 2249 3173 sit,
2321 3112 2358 3157 c
2402 3094 2639 3158 nostris
2694 3093 2876 3158 libris
2930 3101 3154 3178 aperte
3208 3093 3526 3177 planeque
3583 3093 3891 3178 explicari
3946 3116 4076 3159 non

429 3222 621 3286 posse
650 3211 827 3267 recte
861 3202 1068 3266 docet.
1128 3200 1411 3265 Proinde
1452 3202 1702 3265 ratione
1742 3201 1959 3282 aliqua
1986 3202 2217 3283 viaque
2264 3201 2693 3285 proprietates
2739 3200 2975 3264 codicis
3021 3200 3348 3283 cujusdam
3380 3200 3617 3265 vetusti
3662 3202 4075 3285 reperiendas

429 3329 590 3391 esse,
672 3309 778 3391 qui
860 3308 1142 3372 carmina
1229 3307 1486 3390 integra
1573 3313 1873 3389 recteque
1952 3307 2360 3373 cohaerentia
2440 3307 2803 3391 complexus
2882 3314 3069 3372 esset.
3187 3306 3370 3384 Quod
3450 3306 3543 3370 ita
3621 3314 3868 3372 tantum
3934 3308 4077 3373 fieri

430 3435 621 3500 posse
665 3423 737 3479 ut
782 3436 818 3479 e
864 3414 1157 3498 vestigiis
1223 3419 1333 3478 aut
1378 3413 1726 3498 perspicuis
1795 3421 1861 3478 et
1925 3416 2008 3478 ab
2062 3414 2353 3478 omnibus
2399 3413 2553 3478 visis
2620 3421 2731 3477 aut
2774 3414 3056 3478 nondum
3100 3412 3455 3498 perspectis
3521 3413 3853 3498 paginatio
3923 3411 4078 3496 (qua

432 3542 590 3587 voce
635 3517 865 3604 utitur)
911 3522 1083 3586 illius
1130 3520 1367 3585 codicis
1413 3520 1937 3602 constitueretur,
2005 3542 2046 3586 a
2091 3542 2236 3603 quo,
2306 3528 2643 3605 postquam
2689 3519 2936 3586 firmum
2982 3520 3179 3585 totius
3234 3521 3804 3603 argumentationis
3859 3520 4076 3585 funda·

431 3636 715 3694 mentum
762 3629 1039 3713 positum
1086 3635 1274 3707 esset,
1343 3626 1871 3711 proficiscendum
1914 3626 2487 3711 illustrandumque
2534 3633 2721 3707 esset,
2794 3647 2951 3712 quas
3006 3626 3117 3690 ille
3163 3646 3305 3691 cum
3347 3626 3583 3691 nostris
3630 3628 4076 3712 manuscriptis

430 3737 691 3801 lacunas
736 3754 1114 3814 communes,
1174 3754 1330 3817 quas
1377 3753 1506 3797 non
1551 3719 1902 3815 habuisset3
1974 3736 2057 3798 ab
2102 3734 2217 3799 illo
2263 3740 2474 3799 autem
2529 3733 2816 3799 codicem
2851 3732 2989 3816 jam
3035 3732 3228 3798 etiam
3272 3733 3695 3815 antiquiorem
3743 3752 4076 3817 recognos-

430 3842 704 3908 cendum
751 3862 889 3907 esse
936 3849 1058 3906 etc.

646 3948 865 4026 Qualis
932 3959 1146 4013 autem
1214 3946 1590 4010 novissimus
1658 3947 1860 4011 codex
1928 3946 2190 4011 amissus
2258 3945 2480 4029 fuerit,
2560 3946 2628 4010 id
2695 3945 2942 4010 facilius
3021 3944 3416 4010 intellectum
3493 3945 3592 4027 iri,
3674 3945 3728 4009 si
3795 3945 4078 4010 carmina

437 4053 519 4117 87
569 4063 635 4119 et
684 4055 767 4120 75
814 4056 878 4119 in
925 4054 1164 4120 nostris
1211 4051 1656 4136 manuscriptis
1702 4059 2016 4138 separata,
2088 4053 2325 4139 quippe
2382 4073 2548 4136 quae
2592 4073 2674 4117 ex
2716 4072 3029 4118 consensu
3073 4051 3355 4116 virorum
3413 4052 3744 4117 doctorum
3797 4053 4078 4116 omnium

430 4175 649 4227 essent
700 4163 886 4227 unius
931 4168 1172 4246 parteS,
1219 4158 1433 4240 aliquo
1478 4158 1667 4223 modo
1713 4159 1921 4225 denuo
1975 4159 2279 4244 conjungi
2324 4168 2520 4243 atque
2574 4158 2824 4224 conecti
2869 4164 3150 4242 possent.
3243 4158 3432 4222 Illum
3486 4158 3790 4241 codicem,
3839 4159 4079 4244 quippe

432 4270 545 4352 qui
590 4270 834 4334 medius
876 4268 1049 4332 inter
1080 4264 1475 4347 antiquiores
1509 4271 1577 4328 et
1610 4266 2000 4331 recentiores
2035 4276 2223 4350 esset,
2269 4267 2492 4332 littera
2523 4265 2592 4331 Μ
2622 4265 2923 4349 signavit.
3015 4263 3242 4329 Eidem
3277 4272 3527 4330 centum
3561 4265 3829 4349 paginas
3862 4265 4075 4344 fuisse,

432 4397 701 4459 quarum
769 4395 1059 4459 quaeque
1128 4374 1386 4438 vicenos
1452 4377 1671 4437 ternos
1741 4391 1958 4438 versus
2024 4373 2630 4458 comprehendisset.
2744 4371 2931 4449 Quod
2997 4378 3070 4435 ut
3137 4370 3635 4452 demonstraret,
3693 4392 3944 4436 versum
3996 4373 4080 4436 10

433 4483 732 4549 carminis
778 4483 819 4546 2
866 4482 1139 4566 paginae
1195 4481 1407 4561 imum,
1478 4485 1610 4543 tres
1668 4477 1950 4561 ejusdem
2005 4500 2226 4545 versus
2285 4479 2548 4543 11—13
2608 4478 2881 4562 margini
2926 4477 3304 4561 adscriptos,
3380 4479 3634 4544 titulum
3682 4478 3880 4543 totius
3927 4471 4084 4541 libri

8 4641 11 4822 ἔ
658 4741 745 4812 ¹¹²)
783 4759 965 4813 opusc.
1002 4743 1046 4813 1,
1084 4759 1173 4812 pg.
1198 4743 1284 4798 57.

659 4830 744 4901 ¹¹³)
782 4833 820 4888 l.
854 4832 893 4889 l.
926 4848 1018 4903 pg.
1052 4831 1252 4889 XXIX.

652 4921 738 4990 ¹⁸⁴)
772 4923 810 4977 1.
845 4921 883 4976 1.
919 4936 1008 4990 pg.
1041 4920 1171 4976 XXI
1208 4937 1291 4991 sq.

653 5009 737 5080 ¹¹⁵)
772 5010 811 5068 l.
846 5009 885 5067 l.
919 5025 1008 5080 pg.
1042 5009 1165 5066 VII.

654 5098 743 5168 ¹¹⁶)
782 5097 852 5156 cf.
889 5097 1045 5155 &aa
1083 5116 1172 5169 pg.
1210 5100 1477 5155 97—100.

3573 5186 3608 5241 5
3629 5188 3658 5221 ῆι
