4787 5950
2449 621 2535 687 24
2691 710 2706 719 J

655 846 932 909 animum
1020 864 1147 908 non
1237 843 1331 907 ita
1406 848 1859 906 converterant
1950 848 2021 905 ut
2110 841 2261 905 inde
2352 840 2592 905 fructus
2686 840 2891 903 laetos
2972 839 3398 923 perciperent,
3489 839 3682 903 aliter
3749 839 4155 905 Woelfflinus
4248 847 4316 906 et

658 953 1053 1015 Duebnerus.
1147 949 1310 1014 Nam
1367 970 1448 1013 ne
1504 949 1761 1012 Ellisius
1818 949 2076 1030 quidem
2144 949 2252 1030 qui
2311 949 2651 1013 novissime
2718 945 3027 1011 codicem,
3070 952 3264 1027 atque
3330 945 3577 1027 aliquot
3643 946 3800 1011 locis
3867 947 3967 1010 bis
4034 947 4318 1031 perlegit

660 1058 1134 1142 neglegentiam
1188 1075 1407 1120 eorum
1464 1075 1729 1136 usquam
1785 1054 2170 1137 objurgavit.
2265 1054 2365 1119 De
2419 1075 2494 1118 re
2545 1055 2685 1138 ipsa
2738 1053 2994 1135 quidem
3050 1052 3176 1115 viri
3230 1052 3329 1116 illi
3383 1053 3451 1116 in
3506 1061 3723 1136 partes
3777 1053 3969 1138 plane
4025 1054 4315 1119 diversas

659 1165 1011 1229 discedunt.
1106 1164 1300 1228 Misso
1363 1162 1616 1245 Silligio
1688 1162 1795 1244 qui
1854 1163 2063 1225 varias
2133 1162 2443 1225 lectiones
2510 1161 2661 1224 libri
2715 1160 3283 1243 Sangermanensis
3347 1180 3476 1225 non
3530 1181 3571 1223 a
3624 1160 3835 1225 scriba
3886 1160 4006 1225 illo
4059 1161 4316 1242 quidem

659 1272 897 1337 codicis
942 1271 1402 1352 antiquissimo,
1450 1270 1567 1333 sed
1614 1290 1802 1333 manu
1848 1290 1977 1333 non
2026 1269 2230 1333 minus
2264 1289 2453 1351 quam
2498 1268 2671 1332 illius
2717 1268 2984 1348 antiqua
3029 1267 3300 1350 scriptas
3348 1287 3487 1331 esse
3532 1268 3908 1351 suspicatur,
3956 1275 4314 1332 ceterorum

659 1380 939 1442 virorum
995 1376 1353 1441 sententiae
1407 1375 1779 1458 diligentius
1836 1376 2297 1439 examinandae
2350 1382 2527 1455 sunt,
2587 1375 2968 1459 praesertim
3012 1394 3152 1436 cum
3197 1373 3574 1437 novissimus
3631 1374 3844 1438 editor
3888 1374 4314 1439 Baehrensius

662 1493 887 1551 contra
934 1484 1337 1548 Duebnerum
1386 1490 1451 1547 et
1494 1482 1787 1546 Ellisium
1834 1483 1901 1545 in
1952 1482 2189 1546 Woelff
2192 1482 2309 1544 lini
2377 1481 2737 1565 perstiterit
2795 1481 3145 1559 sententia,
3216 1486 3586 1543 contextum
3633 1487 3700 1544 01
3743 1480 4308 1547 11311331001101103

661 1594 797 1657 31νο
830 1591 1275 1656 interlineares
1321 1589 1456 1653 sive
1504 1589 1887 1671 marginales
1933 1589 2016 1652 ab
2065 1609 2190 1653 uua
2235 1589 2585 1669 eademque
2634 1607 2823 1650 manu
2870 1606 3034 1669 quae
3074 1585 3360 1650 codicem
3406 1586 3768 1650 exaraverit
3812 1587 4000 1650 simul
4045 1588 4319 1672 scriptas

661 1720 800 1764 esse
847 1698 1183 1762 censentis,
1265 1696 1507 1759 Contra
1540 1696 1934 1775 DuebneruS,
1983 1715 2169 1776 quem
2212 1694 2405 1778 plane
2438 1694 2807 1758 Schwabius
2822 1689 2901 1776 ⁷⁰)
2952 1702 3019 1758 01
3064 1687 3164 1775 (111
3197 1686 3476 1770 videtur)
3509 1692 3768 1756 Ellisius
3785 1687 3859 1775 ⁷¹)
3902 1695 4106 1758 secuti
4150 1702 4318 1775 sunt,

662 1806 873 1870 varias
920 1805 1226 1869 lectiones
1272 1804 1338 1867 in
1370 1811 1675 1885 quattuor
1720 1802 1977 1866 ordines
2024 1802 2373 1881 distribuit,
2423 1821 2689 1883 quorum
2737 1802 2977 1885 primus
3010 1801 3371 1865 contineret
3414 1819 3571 1883 quas
3616 1800 3784 1864 idem
3833 1801 4047 1865 scriba
4090 1801 4316 1866 eodem

666 1914 808 1996 ipso
856 1919 1141 1994 tempore
1188 1910 1582 1974 exaravisset
1636 1930 1763 1990 quo
1811 1916 2206 1989 contextum,
2278 1908 2447 1972 alter
2492 1927 2650 1989 quas
2718 1909 2886 1972 idem
2937 1908 3430 1992 transcriptione
3501 1914 3611 1971 aut
3657 1914 3796 1971 tota
3848 1915 3959 1971 aut
4004 1929 4081 1974 ex
4129 1916 4317 1993 parte

666 2018 958 2082 absoluta
1016 2017 1394 2095 addidisset,
1468 2015 1694 2080 tertius
1763 2014 2071 2079 lectiones
2138 2021 2497 2079 atramento
2566 2014 2908 2098 pallidiore
2965 2022 3030 2078 et
3090 2014 3334 2078 calamo
3391 2015 3677 2079 acutiore
3744 2035 3786 2087 a
3827 2034 4018 2079 manu
4073 2015 4316 2099 primae

666 2132 880 2190 aetate
925 2124 1182 2188 omnino
1228 2123 1480 2204 aequali
1528 2122 1797 2205 scriptas
1843 2141 2007 2203 quae
2053 2130 2264 2186 tamen
2313 2121 2654 2186 fortasse
2721 2142 2867 2185 non
2914 2122 2996 2183 ab
3041 2121 3184 2203 ipsa
3229 2141 3418 2185 manu
3463 2121 3670 2204 prima
3713 2122 4040 2206 profectae
4085 2129 4316 2203 essent,

666 2253 807 2296 cum
839 2232 907 2295 in
938 2231 1296 2296 litterarum
1330 2230 1721 2311 quarundam
1755 2227 1971 2291 formis
2007 2229 2167 2293 levis
2202 2229 2634 2312 discrepantia
2661 2229 2832 2293 inter
2864 2228 3192 2308 utriusque
3238 2228 3616 2311 scripturam
3646 2236 4008 2311 appareret,
4058 2236 4321 2311 quartus

667 2358 831 2421 quae
879 2347 1102 2422 postea
1155 2337 1394 2400 inlatae
1447 2355 1586 2399 esse
1641 2344 1930 2418 possent3
2002 2335 2288 2418 singulos
2345 2336 2602 2400 ordines
2649 2335 3020 2400 Schwabius
3090 2333 3158 2397 in
3203 2334 3558 2418 appendice
3605 2335 3922 2410 variarum
3970 2335 4314 2401 lectionum

667 2424 944 2509 numeris
981 2446 1037 2508 1.
1073 2446 1134 2508 2.
1173 2444 1233 2507 3.
1267 2444 1310 2505 4
1355 2442 1581 2506 literae
1631 2442 1689 2505 G
1737 2462 1929 2525 supra
1974 2443 2315 2526 adscriptis
2362 2443 2645 2525 sejunxit
2693 2436 2833 2521 (G¹.
2872 2436 2979 2505 (3².
3018 2437 3128 2506 (2³.
3166 2438 3304 2522 G⁴).

878 2553 1026 2615 Jam
1057 2571 1210 2614 vero
1256 2570 1395 2613 cum
1432 2547 1685 2612 Ellisius
1732 2548 1798 2610 111
1844 2547 1961 2612 1130
2007 2550 2411 2632 separatione
2459 2570 2752 2613 manuum
2799 2570 2840 2612 a
2873 2549 3217 2613 Duebnero
3263 2549 3540 2627 defensa,
3587 2569 3627 2611 a
3673 2547 4007 2612 Schwabio
4053 2556 4321 2632 accepta

666 2658 1081 2741 acquieverit,
1151 2656 1575 2720 Baehrensius
1653 2655 2046 2737 argumentis
2116 2656 2439 2721 Duebneri
2508 2656 2915 2740 perlustratis
2987 2655 3365 2719 Woelfflino
3434 2656 3797 2719 assentitur.
3902 2654 4077 2718 Dicit
4142 2655 4314 2719 enim

667 2786 776 2848 pg.
824 2764 993 2828 XIII
1039 2786 1164 2847 sq.:
1240 2763 1527 2843 „Friedr.
1576 2762 1952 2825 Duebnerus
2009 2782 2085 2825 eo
2132 2763 2420 2843 graviter
2468 2764 2709 2827 erravit
2757 2763 2925 2844 quod
2975 2761 3184 2825 varias
3250 2761 3559 2825 lectiones
3628 2760 3785 2824 alias
3843 2761 3926 2823 ab
3980 2761 4122 2825 aliis
4177 2781 4320 2844 pro·

669 2872 866 2936 sectas
914 2891 1052 2936 csse
1098 2870 1342 2949 statuit,
1414 2890 1555 2934 cum
1603 2869 1658 2932 si
1705 2868 1857 2950 quid
1904 2867 2078 2931 aliud
2126 2868 2245 2933 hoc
2291 2870 2710 2933 certissimum
2759 2869 2861 2950 sit,
2922 2888 3139 2932 omnes
3183 2869 3367 2932 unius
3414 2867 3822 2951 ejusdemque
3867 2887 4006 2932 esse
4051 2867 4318 2947 scribae,

668 2980 914 3045 scilicet
960 2979 1241 3061 ejusdem
1289 2977 1399 3059 qui
1444 2977 1727 3041 codicem
1773 2975 2080 3039 exaravit.
2153 2974 2413 3040 Fefellit
2455 2975 2883 3057 Duebnerum,
2933 2977 3105 3057 quod
3150 2977 3316 3041 aliae
3358 2974 3573 3039 variae
3621 2974 3925 3039 lectiones
3972 2974 4321 3040 minutiori-

667 3088 786 3150 bus
818 3086 1072 3166 litteris,
1121 3084 1570 3168 grandioribus
1602 3083 1768 3147 aliae
1801 3083 2081 3165 scriptae
2128 3091 2295 3147 sunt.
2330 3083 2502 3165 quod
2533 3103 2708 3147 suam
2741 3083 2936 3148 habet
2970 3084 3463 3168 explicationem
3492 3082 3643 3146 inde
3690 3083 3861 3164 quod
3906 3083 4074 3147 inter
4117 3083 4318 3147 lineas

670 3187 767 3274 (01
822 3193 914 3256 ibi
969 3193 1363 3277 potissimum
1419 3189 1983 3274 deprehenduntur
2029 3189 2285 3253 litterae
2332 3185 2737 3273 minutiores)
2795 3191 3001 3254 minus
3048 3191 3431 3274 suppetebat
3486 3189 3708 3273 spatii,
3778 3210 3919 3253 cum
3975 3197 4199 3254 contra
4253 3191 4322 3254 in

670 3299 959 3382 margine
985 3297 1137 3377 .(ubi
1171 3318 1421 3382 semper
1450 3297 1647 3361 habes
1681 3296 1931 3360 litteras
1964 3293 2367 3378 grandiores)
2416 3298 2609 3381 spatii
2654 3297 2986 3379 angustiae
3019 3316 3146 3360 non
3178 3303 3544 3380 premerent
3588 3295 3937 3359 librarium.
3986 3305 4327 3379 praeterea.

669 3406 841 3470 illius
888 3401 951 3469 al
984 3406 1179 3470 variis
1226 3406 1606 3470 lectionibus
1652 3403 1985 3488 praemissi
2031 3404 2266 3485 ubique
2310 3405 2534 3468 eadem
2582 3411 2679 3468 est
2723 3399 2988 3468 forma.“
3059 3403 3199 3479 Qua
3242 3402 3671 3486 explicatione
3717 3409 3930 3466 tamen
3961 3423 4079 3467 1100
4126 3423 4326 3486 quare

670 3535 831 3576 unus
887 3512 1000 3576 ille
1055 3511 1354 3576 librarius
1412 3513 1658 3575 duobus
1717 3518 1783 3576 et
1837 3511 2210 3575 atramentis
2266 3519 2332 3575 et
2387 3510 2647 3575 calamis
2703 3532 2853 3576 usus
2909 3511 2992 3575 sit
3049 3511 3360 3595 probatur
3405 3530 3541 3589 nec,
3602 3509 3850 3573 etiamsi
3906 3510 4075 3575 inter
4119 3511 4326 3575 lineas

672 3641 815 3684 eum
870 3626 1137 3704 propter
1201 3619 1395 3703 spatii
1452 3618 1779 3701 angustias
1846 3617 2217 3682 minutiores
2282 3616 2535 3682 litteras
2599 3619 2965 3684 adhibuisse
3020 3617 3319 3698 001100110,
3388 3616 3545 3681 33113
3600 3616 4071 3681 demonstratur
4125 3637 4327 3699 quare

673 3727 843 3791 idem
889 3726 1112 3791 eodem
1159 3726 1299 3809 ipso
1347 3725 1650 3808 temporis
1698 3731 2015 3787 momento
2061 3724 2143 3786 ad
2192 3725 2542 3807 marginem
2590 3726 2965 3808 grandiores
3011 3725 3262 3790 litteras
3307 3743 3495 3805 quam
3526 3723 3696 3787 inter
3726 3722 3927 3787 lineas
3973 3724 4324 3808 scripserit.

674 3833 744 3897 Si
790 3833 958 3897 idem
1006 3831 1122 3894 fuit
1168 3833 1276 3914 qui
1323 3838 1389 3895 et
1436 3831 1717 3896 codicem
1767 3829 2058 3893 exaravit
2103 3838 2170 3894 01
2216 3849 2434 3895 01111103
2480 3832 2691 3896 varias
2737 3832 3045 3897 lectiones
3091 3830 3361 3911 addidit,
3409 3838 3699 3913 tempore
3745 3829 4011 3895 fortasse
4059 3852 4183 3895 non
4231 3832 4327 3896 ita

676 3939 875 4003 multo
930 3938 1287 4021 posteriore
1342 3937 1454 4001 has
1514 3931 1865 4020 supplevit3
1938 3936 2061 4000 nisi
2119 3935 2284 4001 forte
2342 3938 2793 4022 discrepantia,
2867 3959 3053 4021 quam
3109 3939 3178 4001 in
3232 3937 3591 4003 litterarum
3660 3937 4051 4018 quarundam
4106 3936 4324 4003 formis

676 4046 1052 4108 Duebnerus
1108 4044 1265 4108 dicit
1333 4062 1664 4127 apparere,
1736 4063 1863 4107 non
1922 4042 2123 4125 magis
2192 4043 2273 4107 ad
2332 4044 2739 4125 grandiorem
2797 4054 2908 4110 aut
2963 4045 3368 4108 minutiorem
3425 4063 3639 4108 earum
3696 4043 3963 4126 figuram
4018 4044 4322 4127 pertinet,

678 4173 868 4234 quam
911 4151 992 4214 ad
1040 4170 1333 4214 manuum
1381 4149 1605 4214 duetus
1652 4171 1692 4213 a
1737 4149 1953 4233 priore
1999 4150 2209 4213 scriba
2254 4150 2348 4213 ita
2393 4150 2681 4215 diversos
2728 4159 2798 4215 111
2844 4151 3111 4215 alterum
3158 4152 3432 4216 scribam
3475 4151 3770 4235 prodant.
3840 4149 4122 4215 Proinde
4167 4150 4326 4216 haec

677 4259 816 4342 ipsa
891 4257 1180 4340 quaestio
1258 4278 1405 4320 num
1476 4278 1638 4321 unus
1717 4257 1930 4321 scriba
1996 4265 2063 4321 et
2129 4257 2415 4321 codicem
2484 4265 2551 4321 01
2619 4258 2828 4323 varias
2909 4258 3215 4323 lectiones
3283 4258 3612 4343 scripserit
3677 4257 3871 4321 hodie
3937 4277 4190 4340 quoque
4258 4259 4326 4321 in

678 4384 985 4449 suspenso
1031 4371 1148 4427 est.

889 4471 1102 4535 Etiam
1160 4470 1427 4535 alteram
1482 4468 1657 4531 illam
1714 4469 2151 4551 quaestionem
2207 4470 2379 4535 unde
2434 4491 2548 4535 eae
2597 4471 2659 4534 in
2717 4471 2998 4538 codicem
3056 4472 3332 4536 omnium
3388 4472 3498 4555 qui
3543 4477 3769 4536 extant
3823 4471 4327 4553 antiquissimum

678 4585 979 4661 receptae
1023 4578 1152 4642 sint
1196 4575 1529 4641 absolvere
1576 4575 1813 4639 nostris
1861 4576 2113 4640 demum
2159 4576 2384 4641 diebus
2429 4585 2687 4662 praeter
2729 4578 2889 4643 alios
2921 4580 3095 4643 viros
3141 4579 3362 4644 doctos
3392 4577 3817 4644 Baehrensius
3864 4585 3931 4643 et
3962 4577 4328 4643 Pleitncrus

680 4684 893 4748 conati
959 4692 1133 4766 sunt;
1204 4683 1313 4765 qui
1368 4689 1585 4745 tamen
1640 4688 1714 4745 ut
1768 4681 1849 4746 de
1907 4683 2079 4746 omni
2135 4682 2422 4747 codicum
2469 4692 2829 4749 nostrorum
2874 4685 3263 4751 iudicatione
3330 4685 3583 4770 longius
3641 4705 3830 4767 quam
3885 4687 3967 4750 ab
4025 4684 4151 4750 alio
4198 4706 4327 4769 quo

683 4793 921 4858 Catulli
968 4794 1192 4859 critico
1226 4791 1467 4856 distant
1502 4790 1595 4854 ita
1625 4790 1707 4855 de
1752 4790 1870 4856 hac
1905 4811 2155 4874 quoque
2190 4813 2259 4857 re
2293 4791 2464 4857 inter
2510 4812 2579 4856 se
2614 4792 2882 4857 maxime
2918 4792 3323 4858 dissentiunt.
3371 4791 3511 4876 Ego
3542 4791 3791 4856 etiamsi
3823 4793 3908 4857 ad
3940 4792 4324 4858 sententiam

893 4997 964 5068 ⁷⁰)
1000 4998 1172 5069 praef.
1208 5015 1296 5069 pg.
1334 4998 1428 5054 IX.
1468 5015 1548 5068 sq.

896 5087 963 5158 ⁷¹)
999 5089 1136 5158 prol.
1170 5104 1260 5157 pg.
1296 5087 1513 5143 XXXV.
