<?xml version="1.0" encoding="UTF-8"?>
<!DOCTYPE html PUBLIC "-//W3C//DTD XHTML 1.0 Transitional//EN"
    "http://www.w3.org/TR/xhtml1/DTD/xhtml1-transitional.dtd">
<html xmlns="http://www.w3.org/1999/xhtml" xml:lang="en" lang="en">
 <head>
  <title>
</title>
<meta http-equiv="Content-Type" content="text/html;charset=utf-8" />
  <meta name='ocr-system' content='tesseract 3.04.00' />
  <meta name='ocr-capabilities' content='ocr_page ocr_carea ocr_par ocr_line ocrx_word'/>
</head>
<body>
  <div class='ocr_page' id='page_1' title='image "./derationecritic00gehrgoog_0010.png"; bbox 0 0 4787 5950; ppageno 0'>
   <div class='ocr_carea' id='block_1_1' title="bbox 2430 611 2513 679">
    <p class='ocr_par' dir='ltr' id='par_1_1' title="bbox 2430 611 2513 679">
     <span class='ocr_line' id='line_1_1' title="bbox 2430 611 2513 679; baseline 0 0"><span class='ocrx_word' id='word_1_1' title='bbox 2430 611 2513 679; x_wconf 84' lang='lat' dir='ltr'><strong>lo</strong></span> 
     </span>
    </p>
   </div>
   <div class='ocr_carea' id='block_1_2' title="bbox 2248 702 2662 717">
    <p class='ocr_par' dir='ltr' id='par_1_2' title="bbox 2248 702 2662 717">
     <span class='ocr_line' id='line_1_2' title="bbox 2248 702 2662 717; baseline 0 5233"><span class='ocrx_word' id='word_1_2' title='bbox 2248 702 2662 717; x_wconf 95' lang='lat' dir='ltr'><strong> </strong></span> 
     </span>
    </p>
   </div>
   <div class='ocr_carea' id='block_1_3' title="bbox 632 829 4296 1667">
    <p class='ocr_par' dir='ltr' id='par_1_3' title="bbox 632 829 4296 1667">
     <span class='ocr_line' id='line_1_3' title="bbox 632 829 4293 914; baseline -0.001 -16"><span class='ocrx_word' id='word_1_3' title='bbox 632 832 1075 898; x_wconf 76' lang='lat' dir='ltr'><strong>Florentinum</strong></span> <span class='ocrx_word' id='word_1_4' title='bbox 1130 831 1335 895; x_wconf 80' lang='lat' dir='ltr'><strong>virum</strong></span> <span class='ocrx_word' id='word_1_5' title='bbox 1394 831 1614 913; x_wconf 82' lang='lat' dir='ltr'><strong>fuisse,</strong></span> <span class='ocrx_word' id='word_1_6' title='bbox 1672 831 1782 913; x_wconf 88' lang='lat' dir='ltr'><strong>qui</strong></span> <span class='ocrx_word' id='word_1_7' title='bbox 1839 832 2133 896; x_wconf 90' lang='lat' dir='ltr'><strong>omnibus</strong></span> <span class='ocrx_word' id='word_1_8' title='bbox 2190 831 2398 896; x_wconf 90' lang='lat' dir='ltr'><strong>modis</strong></span> <span class='ocrx_word' id='word_1_9' title='bbox 2454 831 2693 896; x_wconf 90' lang='lat' dir='ltr'><strong>codicis</strong></span> <span class='ocrx_word' id='word_1_10' title='bbox 2750 831 3016 914; x_wconf 85' lang='lat' dir='ltr'><strong>alicujus</strong></span> <span class='ocrx_word' id='word_1_11' title='bbox 3073 830 3420 895; x_wconf 82' lang='lat' dir='ltr'><strong>carminum</strong></span> <span class='ocrx_word' id='word_1_12' title='bbox 3479 830 3717 896; x_wconf 87' lang='lat' dir='ltr'><strong>Catulli</strong></span> <span class='ocrx_word' id='word_1_13' title='bbox 3771 830 4094 914; x_wconf 75' lang='lat' dir='ltr'><strong>particeps</strong></span> <span class='ocrx_word' id='word_1_14' title='bbox 4147 829 4293 895; x_wconf 82' lang='lat' dir='ltr'><strong>fieri</strong></span> 
     </span>
     <span class='ocr_line' id='line_1_4' title="bbox 635 937 4294 1022; baseline -0.001 -17"><span class='ocrx_word' id='word_1_15' title='bbox 635 940 942 1005; x_wconf 77' lang='lat' dir='ltr'><strong>studeret.</strong></span> <span class='ocrx_word' id='word_1_16' title='bbox 1024 939 1215 1004; x_wconf 90' lang='lat' dir='ltr'><strong>Certe</strong></span> <span class='ocrx_word' id='word_1_17' title='bbox 1269 938 1439 1003; x_wconf 88' lang='lat' dir='ltr'><strong>idem</strong></span> <span class='ocrx_word' id='word_1_18' title='bbox 1485 939 1593 1021; x_wconf 90' lang='lat' dir='ltr'><strong>qui</strong></span> <span class='ocrx_word' id='word_1_19' title='bbox 1644 939 1898 1020; x_wconf 89' lang='lat' dir='ltr'><strong>quidem</strong></span> <span class='ocrx_word' id='word_1_20' title='bbox 1944 938 2012 1001; x_wconf 89' lang='lat' dir='ltr'><strong>in</strong></span> <span class='ocrx_word' id='word_1_21' title='bbox 2058 940 2217 1002; x_wconf 86' lang='lat' dir='ltr'><strong>urbe</strong></span> <span class='ocrx_word' id='word_1_22' title='bbox 2272 937 2388 1002; x_wconf 88' lang='lat' dir='ltr'><strong>illa</strong></span> <span class='ocrx_word' id='word_1_23' title='bbox 2432 940 2828 1020; x_wconf 86' lang='lat' dir='ltr'><strong>versabatur,</strong></span> <span class='ocrx_word' id='word_1_24' title='bbox 2885 939 2954 1002; x_wconf 89' lang='lat' dir='ltr'><strong>in</strong></span> <span class='ocrx_word' id='word_1_25' title='bbox 2998 958 3126 1020; x_wconf 89' lang='lat' dir='ltr'><strong>qua</strong></span> <span class='ocrx_word' id='word_1_26' title='bbox 3169 945 3302 1002; x_wconf 88' lang='lat' dir='ltr'><strong>tum</strong></span> <span class='ocrx_word' id='word_1_27' title='bbox 3348 946 3519 1002; x_wconf 89' lang='lat' dir='ltr'><strong>artes</strong></span> <span class='ocrx_word' id='word_1_28' title='bbox 3574 947 3769 1020; x_wconf 88' lang='lat' dir='ltr'><strong>atque</strong></span> <span class='ocrx_word' id='word_1_29' title='bbox 3821 937 4080 1002; x_wconf 80' lang='lat' dir='ltr'><strong>litterae</strong></span> <span class='ocrx_word' id='word_1_30' title='bbox 4134 958 4294 1022; x_wconf 82' lang='lat' dir='ltr'><strong>prae</strong></span> 
     </span>
     <span class='ocr_line' id='line_1_5' title="bbox 634 1045 4293 1130; baseline -0.001 -18"><span class='ocrx_word' id='word_1_31' title='bbox 634 1047 867 1112; x_wconf 89' lang='lat' dir='ltr'><strong>ceteris</strong></span> <span class='ocrx_word' id='word_1_32' title='bbox 921 1046 1150 1110; x_wconf 89' lang='lat' dir='ltr'><strong>Italiae</strong></span> <span class='ocrx_word' id='word_1_33' title='bbox 1196 1046 1461 1110; x_wconf 77' lang='lat' dir='ltr'>urbibus</span> <span class='ocrx_word' id='word_1_34' title='bbox 1516 1046 1859 1126; x_wconf 88' lang='lat' dir='ltr'><strong>florebant,</strong></span> <span class='ocrx_word' id='word_1_35' title='bbox 1916 1045 1985 1109; x_wconf 90' lang='lat' dir='ltr'><strong>in</strong></span> <span class='ocrx_word' id='word_1_36' title='bbox 2042 1067 2169 1128; x_wconf 90' lang='lat' dir='ltr'><strong>qua</strong></span> <span class='ocrx_word' id='word_1_37' title='bbox 2214 1054 2430 1109; x_wconf 88' lang='lat' dir='ltr'><strong>tamen</strong></span> <span class='ocrx_word' id='word_1_38' title='bbox 2477 1045 2716 1109; x_wconf 90' lang='lat' dir='ltr'><strong>nullum</strong></span> <span class='ocrx_word' id='word_1_39' title='bbox 2764 1052 2995 1130; x_wconf 84' lang='lat' dir='ltr'><strong>poe‘tae</strong></span> <span class='ocrx_word' id='word_1_40' title='bbox 3050 1046 3333 1110; x_wconf 85' lang='lat' dir='ltr'><strong>codicem</strong></span> <span class='ocrx_word' id='word_1_41' title='bbox 3379 1046 3664 1129; x_wconf 87' lang='lat' dir='ltr'><strong>reperire</strong></span> <span class='ocrx_word' id='word_1_42' title='bbox 3719 1050 4048 1130; x_wconf 89' lang='lat' dir='ltr'><strong>potuerat,</strong></span> <span class='ocrx_word' id='word_1_43' title='bbox 4103 1065 4293 1110; x_wconf 84' lang='lat' dir='ltr'><strong>omne</strong></span> 
     </span>
     <span class='ocr_line' id='line_1_6' title="bbox 632 1150 4295 1236; baseline -0 -18"><span class='ocrx_word' id='word_1_44' title='bbox 632 1154 914 1218; x_wconf 89' lang='lat' dir='ltr'><strong>studium</strong></span> <span class='ocrx_word' id='word_1_45' title='bbox 960 1152 1252 1216; x_wconf 84' lang='lat' dir='ltr'><strong>adhibuit</strong></span> <span class='ocrx_word' id='word_1_46' title='bbox 1296 1159 1368 1216; x_wconf 91' lang='lat' dir='ltr'><strong>ut</strong></span> <span class='ocrx_word' id='word_1_47' title='bbox 1414 1152 1798 1236; x_wconf 82' lang='lat' dir='ltr'><strong>comperiret</strong></span> <span class='ocrx_word' id='word_1_48' title='bbox 1843 1152 1951 1215; x_wconf 85' lang='lat' dir='ltr'><strong>ubi</strong></span> <span class='ocrx_word' id='word_1_49' title='bbox 1983 1152 2213 1216; x_wconf 88' lang='lat' dir='ltr'><strong>Italiac</strong></span> <span class='ocrx_word' id='word_1_50' title='bbox 2263 1152 2496 1234; x_wconf 89' lang='lat' dir='ltr'><strong>aliquis</strong></span> <span class='ocrx_word' id='word_1_51' title='bbox 2543 1159 2814 1217; x_wconf 80' lang='lat' dir='ltr'><strong>extaret.</strong></span> <span class='ocrx_word' id='word_1_52' title='bbox 2870 1152 3107 1234; x_wconf 82' lang='lat' dir='ltr'><strong>Magno</strong></span> <span class='ocrx_word' id='word_1_53' title='bbox 3152 1152 3237 1216; x_wconf 92' lang='lat' dir='ltr'><strong>ad</strong></span> <span class='ocrx_word' id='word_1_54' title='bbox 3282 1151 3351 1215; x_wconf 90' lang='lat' dir='ltr'><strong>id</strong></span> <span class='ocrx_word' id='word_1_55' title='bbox 3396 1150 3912 1236; x_wconf 76' lang='lat' dir='ltr'><strong>comperiendum</strong></span> <span class='ocrx_word' id='word_1_56' title='bbox 3958 1153 4295 1217; x_wconf 89' lang='lat' dir='ltr'><strong>commodo</strong></span> 
     </span>
     <span class='ocr_line' id='line_1_7' title="bbox 634 1258 4296 1345; baseline 0 -21"><span class='ocrx_word' id='word_1_57' title='bbox 634 1261 695 1325; x_wconf 89' lang='lat' dir='ltr'><strong>ei</strong></span> <span class='ocrx_word' id='word_1_58' title='bbox 744 1269 911 1341; x_wconf 88' lang='lat' dir='ltr'><strong>crat,</strong></span> <span class='ocrx_word' id='word_1_59' title='bbox 970 1261 1140 1342; x_wconf 90' lang='lat' dir='ltr'><strong>quod</strong></span> <span class='ocrx_word' id='word_1_60' title='bbox 1184 1259 1528 1343; x_wconf 80' lang='lat' dir='ltr'><strong>populares</strong></span> <span class='ocrx_word' id='word_1_61' title='bbox 1574 1258 1711 1341; x_wconf 91' lang='lat' dir='ltr'><strong>ejus</strong></span> <span class='ocrx_word' id='word_1_62' title='bbox 1755 1259 2115 1323; x_wconf 87' lang='lat' dir='ltr'><strong>Florentini</strong></span> <span class='ocrx_word' id='word_1_63' title='bbox 2163 1259 2230 1323; x_wconf 94' lang='lat' dir='ltr'><strong>in</strong></span> <span class='ocrx_word' id='word_1_64' title='bbox 2277 1261 2543 1325; x_wconf 83' lang='lat' dir='ltr'><strong>urbibus</strong></span> <span class='ocrx_word' id='word_1_65' title='bbox 2589 1261 2881 1325; x_wconf 90' lang='lat' dir='ltr'><strong>omnibus</strong></span> <span class='ocrx_word' id='word_1_66' title='bbox 2927 1261 3269 1345; x_wconf 76' lang='lat' dir='ltr'><strong>apothecas</strong></span> <span class='ocrx_word' id='word_1_67' title='bbox 3313 1261 3665 1337; x_wconf 85' lang='lat' dir='ltr'><strong>habebant,</strong></span> <span class='ocrx_word' id='word_1_68' title='bbox 3724 1260 3834 1342; x_wconf 91' lang='lat' dir='ltr'><strong>qui</strong></span> <span class='ocrx_word' id='word_1_69' title='bbox 3879 1281 4019 1324; x_wconf 91' lang='lat' dir='ltr'><strong>cum</strong></span> <span class='ocrx_word' id='word_1_70' title='bbox 4066 1280 4296 1324; x_wconf 83' lang='lat' dir='ltr'><strong>revera</strong></span> 
     </span>
     <span class='ocr_line' id='line_1_8' title="bbox 636 1365 4294 1451; baseline -0 -18"><span class='ocrx_word' id='word_1_71' title='bbox 636 1367 839 1433; x_wconf 84' lang='lat' dir='ltr'><strong>codex</strong></span> <span class='ocrx_word' id='word_1_72' title='bbox 895 1387 1082 1449; x_wconf 88' lang='lat' dir='ltr'><strong>quem</strong></span> <span class='ocrx_word' id='word_1_73' title='bbox 1145 1367 1413 1450; x_wconf 88' lang='lat' dir='ltr'><strong>optabat</strong></span> <span class='ocrx_word' id='word_1_74' title='bbox 1476 1365 1710 1430; x_wconf 88' lang='lat' dir='ltr'><strong>alicubi</strong></span> <span class='ocrx_word' id='word_1_75' title='bbox 1776 1374 1941 1447; x_wconf 89' lang='lat' dir='ltr'><strong>erat,</strong></span> <span class='ocrx_word' id='word_1_76' title='bbox 2014 1387 2156 1431; x_wconf 92' lang='lat' dir='ltr'><strong>eum</strong></span> <span class='ocrx_word' id='word_1_77' title='bbox 2212 1367 2294 1431; x_wconf 88' lang='lat' dir='ltr'><strong>de</strong></span> <span class='ocrx_word' id='word_1_78' title='bbox 2361 1366 2483 1432; x_wconf 89' lang='lat' dir='ltr'><strong>hac</strong></span> <span class='ocrx_word' id='word_1_79' title='bbox 2537 1388 2608 1432; x_wconf 93' lang='lat' dir='ltr'><strong>re</strong></span> <span class='ocrx_word' id='word_1_80' title='bbox 2662 1367 2998 1431; x_wconf 85' lang='lat' dir='ltr'><strong>certiorem</strong></span> <span class='ocrx_word' id='word_1_81' title='bbox 3052 1366 3264 1432; x_wconf 85' lang='lat' dir='ltr'><strong>facere</strong></span> <span class='ocrx_word' id='word_1_82' title='bbox 3330 1374 3650 1451; x_wconf 87' lang='lat' dir='ltr'><strong>poterant.</strong></span> <span class='ocrx_word' id='word_1_83' title='bbox 3742 1367 3828 1431; x_wconf 82' lang='lat' dir='ltr'><strong>Et</strong></span> <span class='ocrx_word' id='word_1_84' title='bbox 3881 1387 4021 1431; x_wconf 87' lang='lat' dir='ltr'><strong>rem</strong></span> <span class='ocrx_word' id='word_1_85' title='bbox 4074 1366 4169 1435; x_wconf 83' lang='lat' dir='ltr'><strong>ita</strong></span> <span class='ocrx_word' id='word_1_86' title='bbox 4220 1387 4294 1432; x_wconf 91' lang='lat' dir='ltr'><strong>se</strong></span> 
     </span>
     <span class='ocr_line' id='line_1_9' title="bbox 636 1462 4292 1558; baseline 0 -20"><span class='ocrx_word' id='word_1_87' title='bbox 636 1475 953 1554; x_wconf 85' lang='lat' dir='ltr'><strong>habuisse,</strong></span> <span class='ocrx_word' id='word_1_88' title='bbox 1012 1493 1048 1538; x_wconf 90' lang='lat' dir='ltr'><strong>e</strong></span> <span class='ocrx_word' id='word_1_89' title='bbox 1093 1473 1308 1537; x_wconf 83' lang='lat' dir='ltr'><strong>verbis</strong></span> <span class='ocrx_word' id='word_1_90' title='bbox 1338 1462 1527 1554; x_wconf 71' lang='lat' dir='ltr'><strong>&#39;quae</strong></span> <span class='ocrx_word' id='word_1_91' title='bbox 1582 1473 1788 1537; x_wconf 90' lang='lat' dir='ltr'><strong>adhuc</strong></span> <span class='ocrx_word' id='word_1_92' title='bbox 1843 1472 2228 1538; x_wconf 86' lang='lat' dir='ltr'><strong>illustranda</strong></span> <span class='ocrx_word' id='word_1_93' title='bbox 2280 1477 2471 1541; x_wconf 92' lang='lat' dir='ltr'><strong>modo</strong></span> <span class='ocrx_word' id='word_1_94' title='bbox 2527 1476 2717 1540; x_wconf 89' lang='lat' dir='ltr'><strong>attuli</strong></span> <span class='ocrx_word' id='word_1_95' title='bbox 2762 1476 3190 1558; x_wconf 85' lang='lat' dir='ltr'><strong>colligendum</strong></span> <span class='ocrx_word' id='word_1_96' title='bbox 3238 1495 3376 1540; x_wconf 89' lang='lat' dir='ltr'><strong>esse</strong></span> <span class='ocrx_word' id='word_1_97' title='bbox 3422 1476 3721 1540; x_wconf 87' lang='lat' dir='ltr'><strong>arbitror.</strong></span> <span class='ocrx_word' id='word_1_98' title='bbox 3816 1474 4074 1554; x_wconf 78' lang='lat' dir='ltr'><strong>Colatio</strong></span> <span class='ocrx_word' id='word_1_99' title='bbox 4119 1473 4292 1539; x_wconf 89' lang='lat' dir='ltr'><strong>enim</strong></span> 
     </span>
     <span class='ocr_line' id='line_1_10' title="bbox 636 1580 4292 1667; baseline -0.001 -21"><span class='ocrx_word' id='word_1_100' title='bbox 636 1602 1004 1667; x_wconf 89' lang='lat' dir='ltr'><strong>persuasum</strong></span> <span class='ocrx_word' id='word_1_101' title='bbox 1060 1587 1228 1661; x_wconf 88' lang='lat' dir='ltr'><strong>erat,</strong></span> <span class='ocrx_word' id='word_1_102' title='bbox 1300 1580 1649 1662; x_wconf 88' lang='lat' dir='ltr'><strong>quemlibet</strong></span> <span class='ocrx_word' id='word_1_103' title='bbox 1717 1580 1825 1662; x_wconf 91' lang='lat' dir='ltr'><strong>qui</strong></span> <span class='ocrx_word' id='word_1_104' title='bbox 1882 1580 2182 1647; x_wconf 80' lang='lat' dir='ltr'><strong>Veronae</strong></span> <span class='ocrx_word' id='word_1_105' title='bbox 2252 1591 2427 1649; x_wconf 91' lang='lat' dir='ltr'><strong>esset</strong></span> <span class='ocrx_word' id='word_1_106' title='bbox 2479 1584 2921 1649; x_wconf 85' lang='lat' dir='ltr'><strong>Florentinum</strong></span> <span class='ocrx_word' id='word_1_107' title='bbox 2986 1584 3068 1647; x_wconf 85' lang='lat' dir='ltr'><strong>ad</strong></span> <span class='ocrx_word' id='word_1_108' title='bbox 3135 1603 3204 1648; x_wconf 90' lang='lat' dir='ltr'><strong>se</strong></span> <span class='ocrx_word' id='word_1_109' title='bbox 3269 1583 3554 1647; x_wconf 88' lang='lat' dir='ltr'><strong>codicem</strong></span> <span class='ocrx_word' id='word_1_110' title='bbox 3607 1584 3698 1646; x_wconf 88' lang='lat' dir='ltr'><strong>ibi</strong></span> <span class='ocrx_word' id='word_1_111' title='bbox 3769 1589 4098 1647; x_wconf 76' lang='lat' dir='ltr'><strong>extantem</strong></span> <span class='ocrx_word' id='word_1_112' title='bbox 4163 1582 4292 1646; x_wconf 90' lang='lat' dir='ltr'><strong>sibi</strong></span> 
     </span>
    </p>
   </div>
   <div class='ocr_carea' id='block_1_4' title="bbox 593 1686 4290 1773">
    <p class='ocr_par' dir='ltr' id='par_1_4' title="bbox 593 1686 4290 1773">
     <span class='ocr_line' id='line_1_11' title="bbox 593 1686 4290 1773; baseline -0.001 -20"><span class='ocrx_word' id='word_1_113' title='bbox 593 1761 599 1767; x_wconf 37' lang='lat'>„</span> <span class='ocrx_word' id='word_1_114' title='bbox 639 1688 1102 1754; x_wconf 87' lang='lat' dir='ltr'><strong>destinaturum</strong></span> <span class='ocrx_word' id='word_1_115' title='bbox 1136 1707 1294 1751; x_wconf 88' lang='lat' dir='ltr'><strong>esse.</strong></span> <span class='ocrx_word' id='word_1_116' title='bbox 1341 1686 1629 1750; x_wconf 80' lang='lat' dir='ltr'><strong>Verbum</strong></span> <span class='ocrx_word' id='word_1_117' title='bbox 1663 1686 2026 1751; x_wconf 88' lang='lat' dir='ltr'><strong>destinandi</strong></span> <span class='ocrx_word' id='word_1_118' title='bbox 2058 1688 2177 1753; x_wconf 94' lang='lat' dir='ltr'><strong>hoc</strong></span> <span class='ocrx_word' id='word_1_119' title='bbox 2223 1688 2367 1754; x_wconf 93' lang='lat' dir='ltr'><strong>loco</strong></span> <span class='ocrx_word' id='word_1_120' title='bbox 2402 1691 2670 1756; x_wconf 89' lang='lat' dir='ltr'><strong>eandem</strong></span> <span class='ocrx_word' id='word_1_121' title='bbox 2702 1691 2898 1754; x_wconf 87' lang='lat' dir='ltr'><strong>habet</strong></span> <span class='ocrx_word' id='word_1_122' title='bbox 2943 1689 3476 1773; x_wconf 87' lang='lat' dir='ltr'><strong>significationem</strong></span> <span class='ocrx_word' id='word_1_123' title='bbox 3509 1710 3583 1754; x_wconf 91' lang='lat' dir='ltr'><strong>ac</strong></span> <span class='ocrx_word' id='word_1_124' title='bbox 3615 1689 3826 1754; x_wconf 89' lang='lat' dir='ltr'><strong>Plaut.</strong></span> <span class='ocrx_word' id='word_1_125' title='bbox 3861 1689 3948 1753; x_wconf 85' lang='lat' dir='ltr'><strong>M.</strong></span> <span class='ocrx_word' id='word_1_126' title='bbox 3975 1689 4037 1769; x_wconf 83' lang='lat'><strong>3,</strong></span> <span class='ocrx_word' id='word_1_127' title='bbox 4068 1689 4128 1753; x_wconf 90' lang='lat'><strong>1.</strong></span> <span class='ocrx_word' id='word_1_128' title='bbox 4159 1689 4290 1752; x_wconf 88' lang='grc'><strong>110</strong></span> 
     </span>
    </p>
   </div>
   <div class='ocr_carea' id='block_1_5' title="bbox 284 3010 607 3203">
    <p class='ocr_par' dir='ltr' id='par_1_5' title="bbox 284 3010 607 3203">
     <span class='ocr_line' id='line_1_12' title="bbox 284 3010 607 3052; baseline 0 -1"><span class='ocrx_word' id='word_1_129' title='bbox 284 3011 347 3052; x_wconf 80' lang='lat' dir='ltr'><strong>De</strong></span> <span class='ocrx_word' id='word_1_130' title='bbox 378 3010 607 3051; x_wconf 76' lang='lat' dir='ltr'><strong>virtutibus</strong></span> 
     </span>
     <span class='ocr_line' id='line_1_13' title="bbox 363 3081 526 3124; baseline 0.006 -2"><span class='ocrx_word' id='word_1_131' title='bbox 363 3081 526 3124; x_wconf 75' lang='lat' dir='ltr'><strong>codicis</strong></span> 
     </span>
     <span class='ocr_line' id='line_1_14' title="bbox 332 3152 554 3203; baseline -0.009 -10"><span class='ocrx_word' id='word_1_132' title='bbox 332 3153 366 3193; x_wconf 94' lang='grc' dir='ltr'>Ο</span> <span class='ocrx_word' id='word_1_133' title='bbox 397 3152 554 3203; x_wconf 73' lang='lat' dir='ltr'><strong>agitur.</strong></span> 
     </span>
    </p>
   </div>
   <div class='ocr_carea' id='block_1_6' title="bbox 639 1791 4298 2946">
    <p class='ocr_par' dir='ltr' id='par_1_6' title="bbox 639 1791 4298 2946">
     <span class='ocr_line' id='line_1_15' title="bbox 639 1791 4292 1881; baseline -0.001 -20"><span class='ocrx_word' id='word_1_134' title='bbox 639 1816 747 1861; x_wconf 88' lang='lat' dir='ltr'><strong>eas</strong></span> <span class='ocrx_word' id='word_1_135' title='bbox 794 1794 1016 1877; x_wconf 89' lang='lat' dir='ltr'><strong>quanti</strong></span> <span class='ocrx_word' id='word_1_136' title='bbox 1063 1793 1361 1858; x_wconf 82' lang='lat' dir='ltr'><strong>destinat.</strong></span> <span class='ocrx_word' id='word_1_137' title='bbox 1407 1793 1575 1857; x_wconf 87' lang='lat' dir='ltr'><strong>Rud.</strong></span> <span class='ocrx_word' id='word_1_138' title='bbox 1624 1793 1787 1879; x_wconf 89' lang='lat' dir='ltr'><strong>prol.</strong></span> <span class='ocrx_word' id='word_1_139' title='bbox 1834 1794 1922 1857; x_wconf 75' lang='lat'><strong>45</strong></span> <span class='ocrx_word' id='word_1_140' title='bbox 1970 1794 2156 1859; x_wconf 87' lang='lat' dir='ltr'><strong>minis</strong></span> <span class='ocrx_word' id='word_1_141' title='bbox 2202 1797 2475 1880; x_wconf 84' lang='lat' dir='ltr'><strong>triginta</strong></span> <span class='ocrx_word' id='word_1_142' title='bbox 2518 1798 2642 1862; x_wconf 91' lang='lat' dir='ltr'><strong>sibi</strong></span> <span class='ocrx_word' id='word_1_143' title='bbox 2688 1797 2966 1881; x_wconf 90' lang='lat' dir='ltr'><strong>puellam</strong></span> <span class='ocrx_word' id='word_1_144' title='bbox 3011 1796 3321 1861; x_wconf 87' lang='lat' dir='ltr'><strong>destinat:</strong></span> <span class='ocrx_word' id='word_1_145' title='bbox 3371 1799 3550 1859; x_wconf 70' lang='lat' dir='ltr'><strong>etmuss</strong></span> <span class='ocrx_word' id='word_1_146' title='bbox 3594 1793 3694 1877; x_wconf 74' lang='lat' dir='ltr'><strong>fid)</strong></span> <span class='ocrx_word' id='word_1_147' title='bbox 3741 1810 3874 1876; x_wconf 58' lang='lat' dir='ltr'><strong>gum</strong></span> <span class='ocrx_word' id='word_1_148' title='bbox 3918 1791 4104 1874; x_wconf 62' lang='lat' dir='ltr'><strong>stunfe</strong></span> <span class='ocrx_word' id='word_1_149' title='bbox 4147 1801 4292 1858; x_wconf 63' lang='grc' dir='ltr'>αιιέε</span> 
     </span>
     <span class='ocr_line' id='line_1_16' title="bbox 640 1898 4294 1984; baseline 0.001 -20"><span class='ocrx_word' id='word_1_150' title='bbox 640 1898 886 1982; x_wconf 67' lang='lat' dir='ltr'><strong>erfeben,</strong></span> <span class='ocrx_word' id='word_1_151' title='bbox 940 1898 1137 1979; x_wconf 62' lang='lat' dir='ltr'><strong>{anien</strong></span> <span class='ocrx_word' id='word_1_152' title='bbox 1190 1898 1417 1963; x_wconf 71' lang='lat' dir='ltr'><strong>mosten.</strong></span> <span class='ocrx_word' id='word_1_153' title='bbox 1508 1900 1670 1965; x_wconf 89' lang='lat' dir='ltr'><strong>Inde</strong></span> <span class='ocrx_word' id='word_1_154' title='bbox 1726 1921 1881 1983; x_wconf 88' lang='lat' dir='ltr'><strong>ergo</strong></span> <span class='ocrx_word' id='word_1_155' title='bbox 1936 1903 2241 1984; x_wconf 88' lang='lat' dir='ltr'><strong>sequitur,</strong></span> <span class='ocrx_word' id='word_1_156' title='bbox 2311 1910 2406 1968; x_wconf 89' lang='lat' dir='ltr'><strong>ut·</strong></span> <span class='ocrx_word' id='word_1_157' title='bbox 2437 1913 2572 1968; x_wconf 91' lang='lat' dir='ltr'><strong>tum</strong></span> <span class='ocrx_word' id='word_1_158' title='bbox 2628 1905 2695 1967; x_wconf 89' lang='lat' dir='ltr'><strong>in</strong></span> <span class='ocrx_word' id='word_1_159' title='bbox 2754 1904 2930 1969; x_wconf 87' lang='lat' dir='ltr'><strong>nulla</strong></span> <span class='ocrx_word' id='word_1_160' title='bbox 2987 1902 3519 1968; x_wconf 86' lang='lat' dir='ltr'><strong>bibliothecarum</strong></span> <span class='ocrx_word' id='word_1_161' title='bbox 3573 1903 3802 1967; x_wconf 87' lang='lat' dir='ltr'><strong>Italiae</strong></span> <span class='ocrx_word' id='word_1_162' title='bbox 3866 1902 4035 1967; x_wconf 89' lang='lat' dir='ltr'><strong>alter</strong></span> <span class='ocrx_word' id='word_1_163' title='bbox 4088 1903 4294 1967; x_wconf 85' lang='lat' dir='ltr'><strong>codex</strong></span> 
     </span>
     <span class='ocr_line' id='line_1_17' title="bbox 640 2007 4295 2094; baseline 0 -21"><span class='ocrx_word' id='word_1_164' title='bbox 640 2008 912 2094; x_wconf 89' lang='lat' dir='ltr'><strong>reperiri</strong></span> <span class='ocrx_word' id='word_1_165' title='bbox 966 2008 1277 2092; x_wconf 81' lang='lat' dir='ltr'><strong>potuerit3</strong></span> <span class='ocrx_word' id='word_1_166' title='bbox 1349 2028 1546 2089; x_wconf 86' lang='lat' dir='ltr'><strong>quare</strong></span> <span class='ocrx_word' id='word_1_167' title='bbox 1595 2007 1883 2072; x_wconf 86' lang='lat' dir='ltr'><strong>Colutius</strong></span> <span class='ocrx_word' id='word_1_168' title='bbox 1939 2008 2169 2072; x_wconf 88' lang='lat' dir='ltr'><strong>iterum</strong></span> <span class='ocrx_word' id='word_1_169' title='bbox 2215 2017 2411 2091; x_wconf 90' lang='lat' dir='ltr'><strong>atque</strong></span> <span class='ocrx_word' id='word_1_170' title='bbox 2467 2010 2698 2075; x_wconf 89' lang='lat' dir='ltr'><strong>iterum</strong></span> <span class='ocrx_word' id='word_1_171' title='bbox 2745 2010 3094 2093; x_wconf 82' lang='lat' dir='ltr'><strong>Casparum</strong></span> <span class='ocrx_word' id='word_1_172' title='bbox 3140 2009 3222 2073; x_wconf 85' lang='lat' dir='ltr'><strong>de</strong></span> <span class='ocrx_word' id='word_1_173' title='bbox 3266 2009 3640 2093; x_wconf 86' lang='lat' dir='ltr'><strong>Broaspinis</strong></span> <span class='ocrx_word' id='word_1_174' title='bbox 3694 2017 3763 2074; x_wconf 91' lang='lat' dir='ltr'><strong>et</strong></span> <span class='ocrx_word' id='word_1_175' title='bbox 3807 2009 4295 2074; x_wconf 83' lang='lat' dir='ltr'><strong>Benevenutum</strong></span> 
     </span>
     <span class='ocr_line' id='line_1_18' title="bbox 640 2115 4293 2200; baseline 0 -20"><span class='ocrx_word' id='word_1_176' title='bbox 640 2117 723 2180; x_wconf 92' lang='lat' dir='ltr'><strong>de</strong></span> <span class='ocrx_word' id='word_1_177' title='bbox 768 2115 971 2180; x_wconf 91' lang='lat' dir='ltr'><strong>Imola</strong></span> <span class='ocrx_word' id='word_1_178' title='bbox 1027 2115 1276 2194; x_wconf 88' lang='lat' dir='ltr'><strong>adibat,</strong></span> <span class='ocrx_word' id='word_1_179' title='bbox 1336 2122 1407 2179; x_wconf 89' lang='lat' dir='ltr'><strong>ut</strong></span> <span class='ocrx_word' id='word_1_180' title='bbox 1459 2115 1584 2178; x_wconf 89' lang='lat' dir='ltr'><strong>sibi</strong></span> <span class='ocrx_word' id='word_1_181' title='bbox 1639 2115 1922 2179; x_wconf 90' lang='lat' dir='ltr'><strong>codicem</strong></span> <span class='ocrx_word' id='word_1_182' title='bbox 1981 2116 2520 2198; x_wconf 81' lang='lat' dir='ltr'><strong>transmitterent,</strong></span> <span class='ocrx_word' id='word_1_183' title='bbox 2579 2116 2757 2179; x_wconf 90' lang='lat' dir='ltr'><strong>illum</strong></span> <span class='ocrx_word' id='word_1_184' title='bbox 2815 2117 2988 2197; x_wconf 88' lang='lat' dir='ltr'><strong>quod</strong></span> <span class='ocrx_word' id='word_1_185' title='bbox 3042 2136 3184 2180; x_wconf 90' lang='lat' dir='ltr'><strong>eum</strong></span> <span class='ocrx_word' id='word_1_186' title='bbox 3239 2115 3636 2200; x_wconf 86' lang='lat' dir='ltr'><strong>possidebat,</strong></span> <span class='ocrx_word' id='word_1_187' title='bbox 3695 2117 3861 2181; x_wconf 92' lang='lat' dir='ltr'><strong>hunc</strong></span> <span class='ocrx_word' id='word_1_188' title='bbox 3916 2115 4089 2198; x_wconf 89' lang='lat' dir='ltr'><strong>quod</strong></span> <span class='ocrx_word' id='word_1_189' title='bbox 4132 2123 4206 2179; x_wconf 90' lang='lat' dir='ltr'><strong>ut</strong></span> <span class='ocrx_word' id='word_1_190' title='bbox 4250 2136 4293 2180; x_wconf 87' lang='lat' dir='ltr'><strong>a</strong></span> 
     </span>
     <span class='ocr_line' id='line_1_19' title="bbox 643 2221 4296 2307; baseline -0.001 -19"><span class='ocrx_word' id='word_1_191' title='bbox 643 2223 926 2306; x_wconf 77' lang='lat' dir='ltr'><strong>Casparo</strong></span> <span class='ocrx_word' id='word_1_192' title='bbox 971 2221 1256 2287; x_wconf 89' lang='lat' dir='ltr'><strong>codicem</strong></span> <span class='ocrx_word' id='word_1_193' title='bbox 1300 2221 1623 2305; x_wconf 86' lang='lat' dir='ltr'><strong>acciperet</strong></span> <span class='ocrx_word' id='word_1_194' title='bbox 1668 2240 1739 2285; x_wconf 90' lang='lat' dir='ltr'><strong>sc</strong></span> <span class='ocrx_word' id='word_1_195' title='bbox 1782 2221 2269 2305; x_wconf 87' lang='lat' dir='ltr'><strong>impetraturum</strong></span> <span class='ocrx_word' id='word_1_196' title='bbox 2314 2243 2454 2287; x_wconf 87' lang='lat' dir='ltr'><strong>esse</strong></span> <span class='ocrx_word' id='word_1_197' title='bbox 2500 2223 2560 2287; x_wconf 92' lang='lat' dir='ltr'><strong>ei</strong></span> <span class='ocrx_word' id='word_1_198' title='bbox 2606 2222 3005 2307; x_wconf 87' lang='lat' dir='ltr'><strong>promiserat.</strong></span> <span class='ocrx_word' id='word_1_199' title='bbox 3076 2223 3360 2287; x_wconf 90' lang='lat' dir='ltr'><strong>Proinde</strong></span> <span class='ocrx_word' id='word_1_200' title='bbox 3405 2223 3646 2307; x_wconf 85' lang='lat' dir='ltr'><strong>optimo</strong></span> <span class='ocrx_word' id='word_1_201' title='bbox 3684 2223 3831 2304; x_wconf 89' lang='lat' dir='ltr'><strong>jure</strong></span> <span class='ocrx_word' id='word_1_202' title='bbox 3877 2222 3979 2285; x_wconf 76' lang='lat' dir='ltr'><strong>vir</strong></span> <span class='ocrx_word' id='word_1_203' title='bbox 4020 2221 4136 2287; x_wconf 89' lang='lat' dir='ltr'><strong>ille</strong></span> <span class='ocrx_word' id='word_1_204' title='bbox 4182 2223 4296 2304; x_wconf 82' lang='lat' dir='ltr'><strong>qui</strong></span> 
     </span>
     <span class='ocr_line' id='line_1_20' title="bbox 641 2327 4294 2414; baseline 0 -21"><span class='ocrx_word' id='word_1_205' title='bbox 641 2329 931 2414; x_wconf 86' lang='lat' dir='ltr'><strong>proximo</strong></span> <span class='ocrx_word' id='word_1_206' title='bbox 996 2348 1165 2392; x_wconf 89' lang='lat' dir='ltr'><strong>anno</strong></span> <span class='ocrx_word' id='word_1_207' title='bbox 1212 2328 1509 2392; x_wconf 84' lang='lat' dir='ltr'><strong>Veronae</strong></span> <span class='ocrx_word' id='word_1_208' title='bbox 1568 2327 1818 2392; x_wconf 91' lang='lat' dir='ltr'><strong>unicum</strong></span> <span class='ocrx_word' id='word_1_209' title='bbox 1876 2329 2368 2413; x_wconf 86' lang='lat' dir='ltr'><strong>manuscriptum</strong></span> <span class='ocrx_word' id='word_1_210' title='bbox 2423 2336 2752 2393; x_wconf 83' lang='lat' dir='ltr'><strong>vetustum</strong></span> <span class='ocrx_word' id='word_1_211' title='bbox 2802 2329 3274 2394; x_wconf 89' lang='lat' dir='ltr'><strong>transcribebat</strong></span> <span class='ocrx_word' id='word_1_212' title='bbox 3327 2329 3394 2392; x_wconf 93' lang='lat' dir='ltr'><strong>in</strong></span> <span class='ocrx_word' id='word_1_213' title='bbox 3451 2329 3854 2393; x_wconf 89' lang='lat' dir='ltr'><strong>clementiam</strong></span> <span class='ocrx_word' id='word_1_214' title='bbox 3910 2328 4170 2394; x_wconf 90' lang='lat' dir='ltr'><strong>lectoris</strong></span> <span class='ocrx_word' id='word_1_215' title='bbox 4226 2336 4294 2394; x_wconf 85' lang='lat' dir='ltr'><strong>et</strong></span> 
     </span>
     <span class='ocr_line' id='line_1_21' title="bbox 642 2433 4295 2520; baseline -0 -20"><span class='ocrx_word' id='word_1_216' title='bbox 642 2436 1098 2500; x_wconf 86' lang='lat' dir='ltr'><strong>humanitatem</strong></span> <span class='ocrx_word' id='word_1_217' title='bbox 1153 2433 1439 2517; x_wconf 84' lang='lat' dir='ltr'><strong>confugit</strong></span> <span class='ocrx_word' id='word_1_218' title='bbox 1492 2436 1692 2498; x_wconf 76' lang='lat' dir='ltr'><strong>verba</strong></span> <span class='ocrx_word' id='word_1_219' title='bbox 1746 2434 1904 2498; x_wconf 91' lang='lat' dir='ltr'><strong>haec</strong></span> <span class='ocrx_word' id='word_1_220' title='bbox 1958 2434 2495 2518; x_wconf 68' lang='lat' dir='ltr'><strong>sangermanensi</strong></span> <span class='ocrx_word' id='word_1_221' title='bbox 2552 2456 2592 2499; x_wconf 88' lang='lat' dir='ltr'><strong>a</strong></span> <span class='ocrx_word' id='word_1_222' title='bbox 2637 2455 2705 2499; x_wconf 90' lang='lat' dir='ltr'><strong>se</strong></span> <span class='ocrx_word' id='word_1_223' title='bbox 2763 2436 3082 2520; x_wconf 82' lang='lat' dir='ltr'><strong>exscripto</strong></span> <span class='ocrx_word' id='word_1_224' title='bbox 3138 2456 3218 2500; x_wconf 92' lang='lat' dir='ltr'><strong>ex</strong></span> <span class='ocrx_word' id='word_1_225' title='bbox 3278 2456 3393 2500; x_wconf 89' lang='lat' dir='ltr'><strong>suo</strong></span> <span class='ocrx_word' id='word_1_226' title='bbox 3448 2435 3707 2518; x_wconf 86' lang='lat' dir='ltr'><strong>ingenio</strong></span> <span class='ocrx_word' id='word_1_227' title='bbox 3760 2435 4074 2500; x_wconf 88' lang='lat' dir='ltr'><strong>adiciens:</strong></span> <span class='ocrx_word' id='word_1_228' title='bbox 4153 2435 4295 2519; x_wconf 80' lang='lat' dir='ltr'><strong>„Tu</strong></span> 
     </span>
     <span class='ocr_line' id='line_1_22' title="bbox 640 2540 4298 2626; baseline 0 -20"><span class='ocrx_word' id='word_1_229' title='bbox 640 2543 846 2607; x_wconf 89' lang='lat' dir='ltr'><strong>lector</strong></span> <span class='ocrx_word' id='word_1_230' title='bbox 892 2543 1249 2624; x_wconf 90' lang='lat' dir='ltr'><strong>quicunque</strong></span> <span class='ocrx_word' id='word_1_231' title='bbox 1295 2540 1377 2605; x_wconf 90' lang='lat' dir='ltr'><strong>ad</strong></span> <span class='ocrx_word' id='word_1_232' title='bbox 1423 2540 1598 2623; x_wconf 88' lang='lat' dir='ltr'><strong>cujus</strong></span> <span class='ocrx_word' id='word_1_233' title='bbox 1644 2560 1897 2604; x_wconf 89' lang='lat' dir='ltr'><strong>manum</strong></span> <span class='ocrx_word' id='word_1_234' title='bbox 1943 2542 2046 2606; x_wconf 89' lang='lat' dir='ltr'><strong>hic</strong></span> <span class='ocrx_word' id='word_1_235' title='bbox 2089 2541 2347 2607; x_wconf 91' lang='lat' dir='ltr'><strong>libellus</strong></span> <span class='ocrx_word' id='word_1_236' title='bbox 2393 2541 2732 2606; x_wconf 81' lang='lat' dir='ltr'><strong>obvenerit</strong></span> <span class='ocrx_word' id='word_1_237' title='bbox 2777 2543 3077 2626; x_wconf 87' lang='lat' dir='ltr'><strong>scriptori</strong></span> <span class='ocrx_word' id='word_1_238' title='bbox 3121 2542 3205 2606; x_wconf 91' lang='lat' dir='ltr'><strong>da</strong></span> <span class='ocrx_word' id='word_1_239' title='bbox 3234 2542 3485 2606; x_wconf 80' lang='lat' dir='ltr'><strong>veniam</strong></span> <span class='ocrx_word' id='word_1_240' title='bbox 3518 2542 3572 2605; x_wconf 90' lang='lat' dir='ltr'><strong>si</strong></span> <span class='ocrx_word' id='word_1_241' title='bbox 3606 2542 3726 2605; x_wconf 88' lang='lat' dir='ltr'><strong>tibi</strong></span> <span class='ocrx_word' id='word_1_242' title='bbox 3758 2549 4093 2626; x_wconf 88' lang='lat' dir='ltr'><strong>corruptus</strong></span> <span class='ocrx_word' id='word_1_243' title='bbox 4122 2543 4298 2607; x_wconf 80' lang='lat' dir='ltr'><strong>vide—</strong></span> 
     </span>
     <span class='ocr_line' id='line_1_23' title="bbox 642 2647 4296 2733; baseline 0 -20"><span class='ocrx_word' id='word_1_244' title='bbox 642 2650 834 2714; x_wconf 89' lang='lat' dir='ltr'><strong>bitur.</strong></span> <span class='ocrx_word' id='word_1_245' title='bbox 915 2649 1229 2727; x_wconf 85' lang='lat' dir='ltr'><strong>Quoniam</strong></span> <span class='ocrx_word' id='word_1_246' title='bbox 1282 2669 1322 2711; x_wconf 90' lang='lat' dir='ltr'><strong>a</strong></span> <span class='ocrx_word' id='word_1_247' title='bbox 1366 2647 1841 2731; x_wconf 89' lang='lat' dir='ltr'><strong>corruptissimo</strong></span> <span class='ocrx_word' id='word_1_248' title='bbox 1897 2648 2248 2733; x_wconf 88' lang='lat' dir='ltr'><strong>exemplari</strong></span> <span class='ocrx_word' id='word_1_249' title='bbox 2305 2649 2728 2733; x_wconf 84' lang='lat' dir='ltr'><strong>transcripsit.</strong></span> <span class='ocrx_word' id='word_1_250' title='bbox 2790 2670 2918 2712; x_wconf 89' lang='lat' dir='ltr'><strong>non</strong></span> <span class='ocrx_word' id='word_1_251' title='bbox 2975 2648 3143 2712; x_wconf 90' lang='lat' dir='ltr'><strong>enim</strong></span> <span class='ocrx_word' id='word_1_252' title='bbox 3201 2647 3542 2732; x_wconf 87' lang='lat' dir='ltr'><strong>quodpiam</strong></span> <span class='ocrx_word' id='word_1_253' title='bbox 3591 2648 3764 2711; x_wconf 92' lang='lat' dir='ltr'><strong>aliud</strong></span> <span class='ocrx_word' id='word_1_254' title='bbox 3814 2649 4080 2713; x_wconf 79' lang='lat' dir='ltr'><strong>extabat</strong></span> <span class='ocrx_word' id='word_1_255' title='bbox 4122 2649 4296 2714; x_wconf 85' lang='lat' dir='ltr'><strong>unde</strong></span> 
     </span>
     <span class='ocr_line' id='line_1_24' title="bbox 644 2753 4298 2841; baseline -0 -20"><span class='ocrx_word' id='word_1_256' title='bbox 644 2765 860 2841; x_wconf 89' lang='lat' dir='ltr'><strong>posset</strong></span> <span class='ocrx_word' id='word_1_257' title='bbox 905 2755 1108 2819; x_wconf 85' lang='lat' dir='ltr'><strong>libelli</strong></span> <span class='ocrx_word' id='word_1_258' title='bbox 1153 2754 1338 2837; x_wconf 89' lang='lat' dir='ltr'><strong>hujus</strong></span> <span class='ocrx_word' id='word_1_259' title='bbox 1382 2754 1619 2818; x_wconf 89' lang='lat' dir='ltr'><strong>habere</strong></span> <span class='ocrx_word' id='word_1_260' title='bbox 1665 2755 1912 2839; x_wconf 87' lang='lat' dir='ltr'><strong>copiam</strong></span> <span class='ocrx_word' id='word_1_261' title='bbox 1959 2755 2385 2840; x_wconf 82' lang='lat' dir='ltr'><strong>exemplandi.</strong></span> <span class='ocrx_word' id='word_1_262' title='bbox 2474 2756 2559 2819; x_wconf 88' lang='lat' dir='ltr'><strong>Et</strong></span> <span class='ocrx_word' id='word_1_263' title='bbox 2604 2762 2676 2819; x_wconf 92' lang='lat' dir='ltr'><strong>ut</strong></span> <span class='ocrx_word' id='word_1_264' title='bbox 2721 2774 2802 2818; x_wconf 87' lang='lat' dir='ltr'><strong>ex</strong></span> <span class='ocrx_word' id='word_1_265' title='bbox 2847 2755 2987 2838; x_wconf 88' lang='lat' dir='ltr'><strong>ipso</strong></span> <span class='ocrx_word' id='word_1_266' title='bbox 3033 2755 3359 2818; x_wconf 88' lang='lat' dir='ltr'><strong>salebroso</strong></span> <span class='ocrx_word' id='word_1_267' title='bbox 3406 2753 3648 2836; x_wconf 90' lang='lat' dir='ltr'><strong>aliquid</strong></span> <span class='ocrx_word' id='word_1_268' title='bbox 3695 2762 3944 2819; x_wconf 85' lang='lat' dir='ltr'><strong>tantum</strong></span> <span class='ocrx_word' id='word_1_269' title='bbox 3988 2763 4298 2838; x_wconf 82' lang='lat' dir='ltr'><strong>suggeret</strong></span> 
     </span>
     <span class='ocr_line' id='line_1_25' title="bbox 645 2856 4074 2946; baseline 0 -20"><span class='ocrx_word' id='word_1_270' title='bbox 645 2858 894 2944; x_wconf 89' lang='lat' dir='ltr'><strong>(·reret)</strong></span> <span class='ocrx_word' id='word_1_271' title='bbox 942 2861 1230 2925; x_wconf 87' lang='lat' dir='ltr'><strong>decrevit</strong></span> <span class='ocrx_word' id='word_1_272' title='bbox 1275 2860 1487 2945; x_wconf 90' lang='lat' dir='ltr'><strong>potius</strong></span> <span class='ocrx_word' id='word_1_273' title='bbox 1533 2869 1746 2925; x_wconf 87' lang='lat' dir='ltr'><strong>tamen</strong></span> <span class='ocrx_word' id='word_1_274' title='bbox 1794 2869 2159 2945; x_wconf 88' lang='lat' dir='ltr'><strong>corruptum</strong></span> <span class='ocrx_word' id='word_1_275' title='bbox 2204 2862 2443 2927; x_wconf 88' lang='lat' dir='ltr'><strong>habere</strong></span> <span class='ocrx_word' id='word_1_276' title='bbox 2489 2883 2676 2945; x_wconf 87' lang='lat' dir='ltr'><strong>qnam</strong></span> <span class='ocrx_word' id='word_1_277' title='bbox 2723 2862 2980 2926; x_wconf 90' lang='lat' dir='ltr'><strong>omnino</strong></span> <span class='ocrx_word' id='word_1_278' title='bbox 3026 2881 3264 2926; x_wconf 89' lang='lat' dir='ltr'><strong>carere.</strong></span> <span class='ocrx_word' id='word_1_279' title='bbox 3332 2861 3612 2946; x_wconf 85' lang='lat' dir='ltr'><strong>Sperans</strong></span> <span class='ocrx_word' id='word_1_280' title='bbox 3658 2861 3863 2926; x_wconf 88' lang='lat' dir='ltr'><strong>adhuc</strong></span> <span class='ocrx_word' id='word_1_281' title='bbox 3907 2856 4074 2926; x_wconf 87' lang='lat' dir='ltr'><strong>etc.“</strong></span> 
     </span>
    </p>
   </div>
   <div class='ocr_carea' id='block_1_7' title="bbox 643 2986 4298 4885">
    <p class='ocr_par' dir='ltr' id='par_1_7' title="bbox 643 2986 4298 4885">
     <span class='ocr_line' id='line_1_26' title="bbox 856 2986 4297 3071; baseline -0 -21"><span class='ocrx_word' id='word_1_282' title='bbox 856 2987 1229 3069; x_wconf 84' lang='lat' dir='ltr'><strong>Quicunque</strong></span> <span class='ocrx_word' id='word_1_283' title='bbox 1296 2986 1494 3069; x_wconf 84' lang='lat' dir='ltr'><strong>igitur</strong></span> <span class='ocrx_word' id='word_1_284' title='bbox 1550 2986 1867 3051; x_wconf 89' lang='lat' dir='ltr'><strong>Catullum</strong></span> <span class='ocrx_word' id='word_1_285' title='bbox 1935 2988 2254 3071; x_wconf 89' lang='lat' dir='ltr'><strong>inspicere</strong></span> <span class='ocrx_word' id='word_1_286' title='bbox 2308 2987 2570 3052; x_wconf 82' lang='lat' dir='ltr'><strong>volebat</strong></span> <span class='ocrx_word' id='word_1_287' title='bbox 2640 2987 2700 3052; x_wconf 88' lang='lat' dir='ltr'><strong>ei</strong></span> <span class='ocrx_word' id='word_1_288' title='bbox 2769 2993 3029 3071; x_wconf 85' lang='lat' dir='ltr'><strong>praeter</strong></span> <span class='ocrx_word' id='word_1_289' title='bbox 3095 3008 3288 3050; x_wconf 91' lang='lat' dir='ltr'><strong>unum</strong></span> <span class='ocrx_word' id='word_1_290' title='bbox 3354 2994 3420 3050; x_wconf 90' lang='lat' dir='ltr'><strong>et</strong></span> <span class='ocrx_word' id='word_1_291' title='bbox 3475 3007 3619 3051; x_wconf 90' lang='lat' dir='ltr'><strong>eum</strong></span> <span class='ocrx_word' id='word_1_292' title='bbox 3688 2994 4056 3071; x_wconf 87' lang='lat' dir='ltr'><strong>corruptum</strong></span> <span class='ocrx_word' id='word_1_293' title='bbox 4121 2986 4297 3070; x_wconf 72' lang='lat' dir='ltr'><strong>alter</strong></span> 
     </span>
     <span class='ocr_line' id='line_1_27' title="bbox 643 3092 4296 3177; baseline 0 -20"><span class='ocrx_word' id='word_1_294' title='bbox 643 3101 931 3159; x_wconf 79' lang='lat' dir='ltr'><strong>vetustus</strong></span> <span class='ocrx_word' id='word_1_295' title='bbox 986 3093 1190 3159; x_wconf 83' lang='lat' dir='ltr'><strong>codex</strong></span> <span class='ocrx_word' id='word_1_296' title='bbox 1248 3114 1375 3156; x_wconf 90' lang='lat' dir='ltr'><strong>non</strong></span> <span class='ocrx_word' id='word_1_297' title='bbox 1430 3095 1693 3157; x_wconf 85' lang='lat' dir='ltr'><strong>extabat</strong></span> <span class='ocrx_word' id='word_1_298' title='bbox 1748 3113 1865 3157; x_wconf 90' lang='lat' dir='ltr'><strong>nec</strong></span> <span class='ocrx_word' id='word_1_299' title='bbox 1920 3093 2096 3158; x_wconf 92' lang='lat' dir='ltr'><strong>locos</strong></span> <span class='ocrx_word' id='word_1_300' title='bbox 2151 3094 2218 3157; x_wconf 90' lang='lat' dir='ltr'><strong>in</strong></span> <span class='ocrx_word' id='word_1_301' title='bbox 2272 3093 2387 3158; x_wconf 90' lang='lat' dir='ltr'><strong>illo</strong></span> <span class='ocrx_word' id='word_1_302' title='bbox 2445 3093 2772 3158; x_wconf 89' lang='lat' dir='ltr'><strong>mutilatos</strong></span> <span class='ocrx_word' id='word_1_303' title='bbox 2839 3093 2964 3157; x_wconf 88' lang='lat' dir='ltr'><strong>nisi</strong></span> <span class='ocrx_word' id='word_1_304' title='bbox 3018 3113 3054 3157; x_wconf 93' lang='lat' dir='ltr'><strong>e</strong></span> <span class='ocrx_word' id='word_1_305' title='bbox 3109 3092 3279 3158; x_wconf 93' lang='lat' dir='ltr'><strong>libro</strong></span> <span class='ocrx_word' id='word_1_306' title='bbox 3331 3092 3547 3175; x_wconf 89' lang='lat' dir='ltr'><strong>aliquo</strong></span> <span class='ocrx_word' id='word_1_307' title='bbox 3601 3093 3866 3157; x_wconf 86' lang='lat' dir='ltr'><strong>fortuito</strong></span> <span class='ocrx_word' id='word_1_308' title='bbox 3921 3101 4296 3177; x_wconf 86' lang='lat' dir='ltr'><strong>emergente</strong></span> 
     </span>
     <span class='ocr_line' id='line_1_28' title="bbox 644 3199 4294 3284; baseline 0 -20"><span class='ocrx_word' id='word_1_309' title='bbox 644 3222 919 3284; x_wconf 89' lang='lat' dir='ltr'><strong>unquam</strong></span> <span class='ocrx_word' id='word_1_310' title='bbox 973 3221 1042 3265; x_wconf 89' lang='lat' dir='ltr'><strong>se</strong></span> <span class='ocrx_word' id='word_1_311' title='bbox 1097 3208 1526 3264; x_wconf 87' lang='lat' dir='ltr'><strong>correcturum</strong></span> <span class='ocrx_word' id='word_1_312' title='bbox 1596 3220 1855 3284; x_wconf 87' lang='lat' dir='ltr'><strong>sperare</strong></span> <span class='ocrx_word' id='word_1_313' title='bbox 1909 3207 2185 3284; x_wconf 87' lang='lat' dir='ltr'><strong>poterat.</strong></span> <span class='ocrx_word' id='word_1_314' title='bbox 2288 3200 2466 3278; x_wconf 84' lang='lat' dir='ltr'><strong>Quae</strong></span> <span class='ocrx_word' id='word_1_315' title='bbox 2522 3220 2662 3263; x_wconf 91' lang='lat' dir='ltr'><strong>cum</strong></span> <span class='ocrx_word' id='word_1_316' title='bbox 2716 3200 2810 3264; x_wconf 88' lang='lat' dir='ltr'><strong>ita</strong></span> <span class='ocrx_word' id='word_1_317' title='bbox 2867 3200 3025 3279; x_wconf 87' lang='lat' dir='ltr'><strong>sint,</strong></span> <span class='ocrx_word' id='word_1_318' title='bbox 3094 3199 3567 3280; x_wconf 88' lang='lat' dir='ltr'><strong>antiquissimus</strong></span> <span class='ocrx_word' id='word_1_319' title='bbox 3624 3200 3890 3282; x_wconf 88' lang='lat' dir='ltr'><strong>quisque</strong></span> <span class='ocrx_word' id='word_1_320' title='bbox 3946 3201 4153 3265; x_wconf 87' lang='lat' dir='ltr'><strong>codex</strong></span> <span class='ocrx_word' id='word_1_321' title='bbox 4208 3201 4294 3265; x_wconf 89' lang='lat' dir='ltr'><strong>ad</strong></span> 
     </span>
     <span class='ocr_line' id='line_1_29' title="bbox 647 3305 4294 3392; baseline 0 -20"><span class='ocrx_word' id='word_1_322' title='bbox 647 3308 964 3373; x_wconf 87' lang='lat' dir='ltr'><strong>Catullum</strong></span> <span class='ocrx_word' id='word_1_323' title='bbox 1010 3306 1473 3372; x_wconf 86' lang='lat' dir='ltr'><strong>emendandum</strong></span> <span class='ocrx_word' id='word_1_324' title='bbox 1528 3305 1867 3390; x_wconf 89' lang='lat' dir='ltr'><strong>plurimum</strong></span> <span class='ocrx_word' id='word_1_325' title='bbox 1915 3306 2087 3371; x_wconf 86' lang='lat' dir='ltr'><strong>valet</strong></span> <span class='ocrx_word' id='word_1_326' title='bbox 2143 3307 2265 3371; x_wconf 90' lang='lat' dir='ltr'><strong>nisi</strong></span> <span class='ocrx_word' id='word_1_327' title='bbox 2322 3307 2432 3388; x_wconf 90' lang='lat' dir='ltr'><strong>qui</strong></span> <span class='ocrx_word' id='word_1_328' title='bbox 2487 3306 2816 3370; x_wconf 87' lang='lat' dir='ltr'><strong>laboribus</strong></span> <span class='ocrx_word' id='word_1_329' title='bbox 2872 3314 3304 3370; x_wconf 87' lang='lat' dir='ltr'><strong>correctorum</strong></span> <span class='ocrx_word' id='word_1_330' title='bbox 3362 3312 3426 3371; x_wconf 91' lang='lat' dir='ltr'><strong>et</strong></span> <span class='ocrx_word' id='word_1_331' title='bbox 3480 3306 4013 3391; x_wconf 88' lang='lat' dir='ltr'><strong>interpolatorum</strong></span> <span class='ocrx_word' id='word_1_332' title='bbox 4069 3307 4294 3392; x_wconf 83' lang='lat' dir='ltr'><strong>depra-</strong></span> 
     </span>
     <span class='ocr_line' id='line_1_30' title="bbox 645 3411 4296 3496; baseline 0.001 -19"><span class='ocrx_word' id='word_1_333' title='bbox 645 3422 830 3479; x_wconf 83' lang='lat' dir='ltr'><strong>vatus</strong></span> <span class='ocrx_word' id='word_1_334' title='bbox 899 3434 1038 3479; x_wconf 92' lang='lat' dir='ltr'><strong>esse</strong></span> <span class='ocrx_word' id='word_1_335' title='bbox 1103 3414 1593 3478; x_wconf 89' lang='lat' dir='ltr'><strong>demonstratur.</strong></span> <span class='ocrx_word' id='word_1_336' title='bbox 1696 3412 1774 3476; x_wconf 90' lang='lat' dir='ltr'><strong>Id</strong></span> <span class='ocrx_word' id='word_1_337' title='bbox 1844 3421 2055 3477; x_wconf 88' lang='lat' dir='ltr'><strong>autem</strong></span> <span class='ocrx_word' id='word_1_338' title='bbox 2123 3413 2331 3478; x_wconf 90' lang='lat' dir='ltr'><strong>codici</strong></span> <span class='ocrx_word' id='word_1_339' title='bbox 2399 3411 2934 3496; x_wconf 73' lang='lat' dir='ltr'><strong>sangermanensi</strong></span> <span class='ocrx_word' id='word_1_340' title='bbox 3002 3412 3309 3477; x_wconf 88' lang='lat' dir='ltr'><strong>accidisse</strong></span> <span class='ocrx_word' id='word_1_341' title='bbox 3375 3412 3798 3478; x_wconf 90' lang='lat' dir='ltr'><strong>Baehrensius</strong></span> <span class='ocrx_word' id='word_1_342' title='bbox 3867 3420 4166 3478; x_wconf 89' lang='lat' dir='ltr'><strong>accurata</strong></span> <span class='ocrx_word' id='word_1_343' title='bbox 4226 3421 4296 3479; x_wconf 84' lang='lat' dir='ltr'><strong>et</strong></span> 
     </span>
     <span class='ocr_line' id='line_1_31' title="bbox 647 3518 4293 3605; baseline 0 -19"><span class='ocrx_word' id='word_1_344' title='bbox 647 3521 945 3605; x_wconf 88' lang='lat' dir='ltr'><strong>diligenti</strong></span> <span class='ocrx_word' id='word_1_345' title='bbox 1000 3518 1535 3585; x_wconf 87' lang='lat' dir='ltr'><strong>commentatione</strong></span> <span class='ocrx_word' id='word_1_346' title='bbox 1590 3540 1704 3584; x_wconf 90' lang='lat' dir='ltr'><strong>sua</strong></span> <span class='ocrx_word' id='word_1_347' title='bbox 1759 3519 2062 3584; x_wconf 89' lang='lat' dir='ltr'><strong>ostendit.</strong></span> <span class='ocrx_word' id='word_1_348' title='bbox 2159 3519 2574 3603; x_wconf 80' lang='lat' dir='ltr'><strong>„Fidissimus</strong></span> <span class='ocrx_word' id='word_1_349' title='bbox 2630 3521 2978 3584; x_wconf 88' lang='lat' dir='ltr'><strong>carminum</strong></span> <span class='ocrx_word' id='word_1_350' title='bbox 3027 3519 3265 3584; x_wconf 88' lang='lat' dir='ltr'><strong>Catulli</strong></span> <span class='ocrx_word' id='word_1_351' title='bbox 3318 3518 3459 3584; x_wconf 85' lang='lat' dir='ltr'><strong>fons</strong></span> <span class='ocrx_word' id='word_1_352' title='bbox 3516 3527 3614 3585; x_wconf 89' lang='lat' dir='ltr'><strong>est</strong></span> <span class='ocrx_word' id='word_1_353' title='bbox 3659 3520 3863 3585; x_wconf 87' lang='lat' dir='ltr'><strong>codex</strong></span> <span class='ocrx_word' id='word_1_354' title='bbox 3909 3519 4293 3586; x_wconf 86' lang='lat' dir='ltr'><strong>Oxoniensis</strong></span> 
     </span>
     <span class='ocr_line' id='line_1_32' title="bbox 649 3624 4298 3711; baseline -0.001 -18"><span class='ocrx_word' id='word_1_355' title='bbox 649 3624 760 3711; x_wconf 88' lang='lat' dir='ltr'><strong>(O)</strong></span> <span class='ocrx_word' id='word_1_356' title='bbox 808 3628 944 3692; x_wconf 89' lang='lat' dir='ltr'><strong>sive</strong></span> <span class='ocrx_word' id='word_1_357' title='bbox 989 3626 1160 3691; x_wconf 88' lang='lat' dir='ltr'><strong>inter</strong></span> <span class='ocrx_word' id='word_1_358' title='bbox 1207 3625 1511 3690; x_wconf 86' lang='lat' dir='ltr'><strong>Canonici</strong></span> <span class='ocrx_word' id='word_1_359' title='bbox 1557 3625 1794 3691; x_wconf 88' lang='lat' dir='ltr'><strong>Veneti</strong></span> <span class='ocrx_word' id='word_1_360' title='bbox 1842 3626 2043 3692; x_wconf 87' lang='lat' dir='ltr'><strong>libros</strong></span> <span class='ocrx_word' id='word_1_361' title='bbox 2090 3646 2199 3691; x_wconf 91' lang='lat' dir='ltr'><strong>eos</strong></span> <span class='ocrx_word' id='word_1_362' title='bbox 2255 3626 2366 3708; x_wconf 92' lang='lat' dir='ltr'><strong>qui</strong></span> <span class='ocrx_word' id='word_1_363' title='bbox 2420 3626 2656 3691; x_wconf 87' lang='lat' dir='ltr'><strong>saeculi</strong></span> <span class='ocrx_word' id='word_1_364' title='bbox 2703 3626 2885 3710; x_wconf 88' lang='lat' dir='ltr'><strong>hujus</strong></span> <span class='ocrx_word' id='word_1_365' title='bbox 2940 3627 3127 3691; x_wconf 90' lang='lat' dir='ltr'><strong>initio</strong></span> <span class='ocrx_word' id='word_1_366' title='bbox 3173 3626 3321 3710; x_wconf 88' lang='lat' dir='ltr'><strong>jure</strong></span> <span class='ocrx_word' id='word_1_367' title='bbox 3367 3626 3706 3710; x_wconf 89' lang='lat' dir='ltr'><strong>emptionis</strong></span> <span class='ocrx_word' id='word_1_368' title='bbox 3761 3626 3829 3690; x_wconf 90' lang='lat' dir='ltr'><strong>in</strong></span> <span class='ocrx_word' id='word_1_369' title='bbox 3874 3626 4298 3710; x_wconf 87' lang='lat' dir='ltr'><strong>Bodlejanam</strong></span> 
     </span>
     <span class='ocr_line' id='line_1_33' title="bbox 647 3727 4298 3818; baseline -0.001 -17"><span class='ocrx_word' id='word_1_370' title='bbox 647 3735 834 3801; x_wconf 85' lang='lat' dir='ltr'><strong>inlati</strong></span> <span class='ocrx_word' id='word_1_371' title='bbox 878 3740 1027 3798; x_wconf 90' lang='lat' dir='ltr'><strong>sunt</strong></span> <span class='ocrx_word' id='word_1_372' title='bbox 1068 3752 1333 3797; x_wconf 89' lang='lat' dir='ltr'><strong>numero</strong></span> <span class='ocrx_word' id='word_1_373' title='bbox 1379 3732 1467 3796; x_wconf 83' lang='lat'><strong>30</strong></span> <span class='ocrx_word' id='word_1_374' title='bbox 1511 3727 1861 3815; x_wconf 78' lang='lat' dir='ltr'><strong>signatu3.“</strong></span> <span class='ocrx_word' id='word_1_375' title='bbox 1943 3733 2072 3798; x_wconf 85' lang='lat' dir='ltr'><strong>Sed</strong></span> <span class='ocrx_word' id='word_1_376' title='bbox 2118 3755 2259 3798; x_wconf 91' lang='lat' dir='ltr'><strong>cum</strong></span> <span class='ocrx_word' id='word_1_377' title='bbox 2305 3732 2731 3798; x_wconf 87' lang='lat' dir='ltr'><strong>Baehrensius</strong></span> <span class='ocrx_word' id='word_1_378' title='bbox 2748 3727 2828 3814; x_wconf 74' lang='lat'><strong>²⁸)</strong></span> <span class='ocrx_word' id='word_1_379' title='bbox 2877 3753 2959 3797; x_wconf 86' lang='lat' dir='ltr'><strong>ex</strong></span> <span class='ocrx_word' id='word_1_380' title='bbox 3004 3740 3143 3798; x_wconf 91' lang='lat' dir='ltr'><strong>toto</strong></span> <span class='ocrx_word' id='word_1_381' title='bbox 3187 3734 3603 3818; x_wconf 89' lang='lat' dir='ltr'><strong>manuscripti</strong></span> <span class='ocrx_word' id='word_1_382' title='bbox 3647 3734 3870 3798; x_wconf 90' lang='lat' dir='ltr'><strong>habitu</strong></span> <span class='ocrx_word' id='word_1_383' title='bbox 3913 3733 4077 3798; x_wconf 90' lang='lat' dir='ltr'><strong>illud</strong></span> <span class='ocrx_word' id='word_1_384' title='bbox 4122 3733 4298 3799; x_wconf 91' lang='lat' dir='ltr'><strong>colli·</strong></span> 
     </span>
     <span class='ocr_line' id='line_1_34' title="bbox 648 3837 4296 3925; baseline 0 -20"><span class='ocrx_word' id='word_1_385' title='bbox 648 3842 927 3925; x_wconf 88' lang='lat' dir='ltr'><strong>gendum</strong></span> <span class='ocrx_word' id='word_1_386' title='bbox 973 3859 1113 3904; x_wconf 90' lang='lat' dir='ltr'><strong>esse</strong></span> <span class='ocrx_word' id='word_1_387' title='bbox 1154 3838 1399 3923; x_wconf 87' lang='lat' dir='ltr'><strong>putarit</strong></span> <span class='ocrx_word' id='word_1_388' title='bbox 1442 3837 1696 3903; x_wconf 90' lang='lat' dir='ltr'><strong>codices</strong></span> <span class='ocrx_word' id='word_1_389' title='bbox 1745 3839 1804 3903; x_wconf 82' lang='lat' dir='ltr'>G</span> <span class='ocrx_word' id='word_1_390' title='bbox 1851 3847 1918 3904; x_wconf 89' lang='lat' dir='ltr'><strong>et</strong></span> <span class='ocrx_word' id='word_1_391' title='bbox 1962 3841 2018 3905; x_wconf 91' lang='grc' dir='ltr'><strong>Ο</strong></span> <span class='ocrx_word' id='word_1_392' title='bbox 2067 3861 2194 3904; x_wconf 90' lang='lat' dir='ltr'><strong>non</strong></span> <span class='ocrx_word' id='word_1_393' title='bbox 2239 3860 2429 3925; x_wconf 89' lang='lat' dir='ltr'><strong>posse</strong></span> <span class='ocrx_word' id='word_1_394' title='bbox 2473 3841 2598 3905; x_wconf 89' lang='lat' dir='ltr'><strong>nisi</strong></span> <span class='ocrx_word' id='word_1_395' title='bbox 2644 3861 2770 3908; x_wconf 87' lang='lat' dir='ltr'><strong>uno</strong></span> <span class='ocrx_word' id='word_1_396' title='bbox 2817 3840 3122 3925; x_wconf 88' lang='lat' dir='ltr'><strong>temporis</strong></span> <span class='ocrx_word' id='word_1_397' title='bbox 3168 3847 3396 3923; x_wconf 88' lang='lat' dir='ltr'><strong>tractu,</strong></span> <span class='ocrx_word' id='word_1_398' title='bbox 3452 3840 3645 3905; x_wconf 89' lang='lat' dir='ltr'><strong>immo</strong></span> <span class='ocrx_word' id='word_1_399' title='bbox 3691 3859 3846 3905; x_wconf 76' lang='lat' dir='ltr'><strong>vero</strong></span> <span class='ocrx_word' id='word_1_400' title='bbox 3891 3840 4116 3906; x_wconf 90' lang='lat' dir='ltr'><strong>eodem</strong></span> <span class='ocrx_word' id='word_1_401' title='bbox 4161 3839 4296 3905; x_wconf 82' lang='lat' dir='ltr'><strong>fere</strong></span> 
     </span>
     <span class='ocr_line' id='line_1_35' title="bbox 647 3944 4297 4032; baseline -0.001 -19"><span class='ocrx_word' id='word_1_402' title='bbox 647 3968 817 4013; x_wconf 86' lang='lat' dir='ltr'><strong>anno</strong></span> <span class='ocrx_word' id='word_1_403' title='bbox 862 3946 1213 4027; x_wconf 90' lang='lat' dir='ltr'><strong>eodemque</strong></span> <span class='ocrx_word' id='word_1_404' title='bbox 1257 3944 1398 4009; x_wconf 91' lang='lat' dir='ltr'><strong>loco</strong></span> <span class='ocrx_word' id='word_1_405' title='bbox 1443 3952 1742 4010; x_wconf 89' lang='lat' dir='ltr'><strong>exaratos</strong></span> <span class='ocrx_word' id='word_1_406' title='bbox 1787 3965 1946 4026; x_wconf 90' lang='lat' dir='ltr'><strong>esse,</strong></span> <span class='ocrx_word' id='word_1_407' title='bbox 2004 3967 2383 4029; x_wconf 88' lang='lat' dir='ltr'><strong>quamquam</strong></span> <span class='ocrx_word' id='word_1_408' title='bbox 2430 3947 2535 4011; x_wconf 92' lang='lat' dir='ltr'><strong>hic</strong></span> <span class='ocrx_word' id='word_1_409' title='bbox 2589 3945 3055 4032; x_wconf 89' lang='lat' dir='ltr'><strong>subscriptione</strong></span> <span class='ocrx_word' id='word_1_410' title='bbox 3101 3953 3346 4011; x_wconf 85' lang='lat' dir='ltr'><strong>careat:</strong></span> <span class='ocrx_word' id='word_1_411' title='bbox 3418 3966 3543 4030; x_wconf 89' lang='lat' dir='ltr'><strong>ego</strong></span> <span class='ocrx_word' id='word_1_412' title='bbox 3590 3967 3818 4012; x_wconf 86' lang='lat' dir='ltr'><strong>censeo</strong></span> <span class='ocrx_word' id='word_1_413' title='bbox 3865 3947 4297 4012; x_wconf 84' lang='lat' dir='ltr'><strong>Oxoniensem</strong></span> 
     </span>
     <span class='ocr_line' id='line_1_36' title="bbox 647 4051 4298 4137; baseline 0 -19"><span class='ocrx_word' id='word_1_414' title='bbox 647 4054 811 4119; x_wconf 91' lang='lat' dir='ltr'><strong>adeo</strong></span> <span class='ocrx_word' id='word_1_415' title='bbox 855 4073 1026 4117; x_wconf 90' lang='lat' dir='ltr'><strong>anno</strong></span> <span class='ocrx_word' id='word_1_416' title='bbox 1074 4051 1245 4115; x_wconf 81' lang='lat'><strong>1374</strong></span> <span class='ocrx_word' id='word_1_417' title='bbox 1292 4052 1769 4117; x_wconf 85' lang='lat' dir='ltr'><strong>attribuendum</strong></span> <span class='ocrx_word' id='word_1_418' title='bbox 1815 4052 2341 4117; x_wconf 81' lang='lat' dir='ltr'><strong>verisimillimum</strong></span> <span class='ocrx_word' id='word_1_419' title='bbox 2386 4073 2546 4134; x_wconf 89' lang='lat' dir='ltr'><strong>esse,</strong></span> <span class='ocrx_word' id='word_1_420' title='bbox 2594 4072 2751 4136; x_wconf 88' lang='lat' dir='ltr'><strong>ergo</strong></span> <span class='ocrx_word' id='word_1_421' title='bbox 2797 4053 2880 4116; x_wconf 87' lang='lat' dir='ltr'><strong>ad</strong></span> <span class='ocrx_word' id='word_1_422' title='bbox 2924 4052 3205 4137; x_wconf 88' lang='lat' dir='ltr'><strong>reliquas</strong></span> <span class='ocrx_word' id='word_1_423' title='bbox 3252 4052 3386 4137; x_wconf 90' lang='lat' dir='ltr'><strong>ejus</strong></span> <span class='ocrx_word' id='word_1_424' title='bbox 3431 4053 3703 4119; x_wconf 74' lang='lat' dir='ltr'><strong>virtutes</strong></span> <span class='ocrx_word' id='word_1_425' title='bbox 3748 4054 3942 4119; x_wconf 88' lang='lat' dir='ltr'><strong>etiam</strong></span> <span class='ocrx_word' id='word_1_426' title='bbox 3987 4053 4298 4119; x_wconf 84' lang='lat' dir='ltr'><strong>accedere</strong></span> 
     </span>
     <span class='ocr_line' id='line_1_37' title="bbox 649 4157 4296 4250; baseline 0.001 -26"><span class='ocrx_word' id='word_1_427' title='bbox 649 4160 821 4243; x_wconf 87' lang='lat' dir='ltr'><strong>quod</strong></span> <span class='ocrx_word' id='word_1_428' title='bbox 876 4180 1003 4224; x_wconf 91' lang='lat' dir='ltr'><strong>uno</strong></span> <span class='ocrx_word' id='word_1_429' title='bbox 1064 4178 1232 4223; x_wconf 90' lang='lat' dir='ltr'><strong>auno</strong></span> <span class='ocrx_word' id='word_1_430' title='bbox 1287 4166 1439 4222; x_wconf 88' lang='lat' dir='ltr'><strong>ante</strong></span> <span class='ocrx_word' id='word_1_431' title='bbox 1497 4159 1556 4223; x_wconf 85' lang='lat' dir='ltr'>G</span> <span class='ocrx_word' id='word_1_432' title='bbox 1613 4167 1679 4223; x_wconf 92' lang='lat' dir='ltr'><strong>et</strong></span> <span class='ocrx_word' id='word_1_433' title='bbox 1736 4157 2004 4223; x_wconf 85' lang='lat' dir='ltr'><strong>fortasse</strong></span> <span class='ocrx_word' id='word_1_434' title='bbox 2071 4179 2111 4223; x_wconf 90' lang='lat' dir='ltr'><strong>a</strong></span> <span class='ocrx_word' id='word_1_435' title='bbox 2165 4159 2581 4250; x_wconf 65' lang='lat' dir='ltr'><strong>Benevenuto</strong></span> <span class='ocrx_word' id='word_1_436' title='bbox 2635 4160 2775 4244; x_wconf 88' lang='lat' dir='ltr'><strong>ipso</strong></span> <span class='ocrx_word' id='word_1_437' title='bbox 2832 4167 3129 4224; x_wconf 85' lang='lat' dir='ltr'><strong>exaratus</strong></span> <span class='ocrx_word' id='word_1_438' title='bbox 3186 4159 3289 4225; x_wconf 90' lang='lat' dir='ltr'><strong>sit.</strong></span> <span class='ocrx_word' id='word_1_439' title='bbox 3389 4160 3616 4243; x_wconf 86' lang='lat' dir='ltr'><strong>Itaque</strong></span> <span class='ocrx_word' id='word_1_440' title='bbox 3674 4181 3814 4224; x_wconf 92' lang='lat' dir='ltr'><strong>cum</strong></span> <span class='ocrx_word' id='word_1_441' title='bbox 3871 4160 4296 4226; x_wconf 86' lang='lat' dir='ltr'><strong>Baehrensius</strong></span> 
     </span>
     <span class='ocr_line' id='line_1_38' title="bbox 650 4264 4298 4351; baseline 0 -20"><span class='ocrx_word' id='word_1_442' title='bbox 650 4267 984 4332; x_wconf 88' lang='lat' dir='ltr'><strong>maximam</strong></span> <span class='ocrx_word' id='word_1_443' title='bbox 1029 4273 1279 4351; x_wconf 88' lang='lat' dir='ltr'><strong>partem</strong></span> <span class='ocrx_word' id='word_1_444' title='bbox 1338 4265 1496 4329; x_wconf 90' lang='lat' dir='ltr'><strong>artis</strong></span> <span class='ocrx_word' id='word_1_445' title='bbox 1550 4264 1811 4329; x_wconf 86' lang='lat' dir='ltr'><strong>criticae</strong></span> <span class='ocrx_word' id='word_1_446' title='bbox 1865 4274 2243 4349; x_wconf 87' lang='lat' dir='ltr'><strong>argumenta</strong></span> <span class='ocrx_word' id='word_1_447' title='bbox 2295 4266 2615 4346; x_wconf 89' lang='lat' dir='ltr'><strong>attulerit,</strong></span> <span class='ocrx_word' id='word_1_448' title='bbox 2675 4266 2903 4347; x_wconf 88' lang='lat' dir='ltr'><strong>quibus</strong></span> <span class='ocrx_word' id='word_1_449' title='bbox 2948 4267 3220 4331; x_wconf 87' lang='lat' dir='ltr'><strong>scribam</strong></span> <span class='ocrx_word' id='word_1_450' title='bbox 3267 4267 3503 4332; x_wconf 88' lang='lat' dir='ltr'><strong>codicis</strong></span> <span class='ocrx_word' id='word_1_451' title='bbox 3548 4267 3604 4332; x_wconf 93' lang='grc' dir='ltr'><strong>Ο</strong></span> <span class='ocrx_word' id='word_1_452' title='bbox 3650 4266 4045 4333; x_wconf 87' lang='lat' dir='ltr'><strong>Veronensis</strong></span> <span class='ocrx_word' id='word_1_453' title='bbox 4090 4287 4298 4333; x_wconf 88' lang='lat' dir='ltr'><strong>exem·</strong></span> 
     </span>
     <span class='ocr_line' id='line_1_39' title="bbox 648 4357 4298 4459; baseline 0.001 -22"><span class='ocrx_word' id='word_1_454' title='bbox 648 4373 847 4458; x_wconf 88' lang='lat' dir='ltr'><strong>plaris</strong></span> <span class='ocrx_word' id='word_1_455' title='bbox 892 4393 1099 4457; x_wconf 89' lang='lat' dir='ltr'><strong>paene</strong></span> <span class='ocrx_word' id='word_1_456' title='bbox 1144 4371 1372 4436; x_wconf 91' lang='lat' dir='ltr'><strong>ductus</strong></span> <span class='ocrx_word' id='word_1_457' title='bbox 1418 4370 1783 4456; x_wconf 87' lang='lat' dir='ltr'><strong>depinxisse</strong></span> <span class='ocrx_word' id='word_1_458' title='bbox 1829 4371 2093 4454; x_wconf 85' lang='lat' dir='ltr'><strong>diceret,</strong></span> <span class='ocrx_word' id='word_1_459' title='bbox 2141 4393 2269 4437; x_wconf 89' lang='lat' dir='ltr'><strong>non</strong></span> <span class='ocrx_word' id='word_1_460' title='bbox 2315 4371 2603 4457; x_wconf 84' lang='lat' dir='ltr'><strong>ingratas</strong></span> <span class='ocrx_word' id='word_1_461' title='bbox 2650 4392 2753 4437; x_wconf 91' lang='lat' dir='ltr'><strong>res</strong></span> <span class='ocrx_word' id='word_1_462' title='bbox 2799 4371 3128 4438; x_wconf 88' lang='lat' dir='ltr'><strong>Schnlzius</strong></span> <span class='ocrx_word' id='word_1_463' title='bbox 3175 4392 3212 4438; x_wconf 90' lang='lat' dir='ltr'><strong>e</strong></span> <span class='ocrx_word' id='word_1_464' title='bbox 3257 4395 3423 4439; x_wconf 84' lang='lat' dir='ltr'><strong>nova</strong></span> <span class='ocrx_word' id='word_1_465' title='bbox 3461 4357 3619 4438; x_wconf 75' lang='lat' dir='ltr'><strong>&#39;libri</strong></span> <span class='ocrx_word' id='word_1_466' title='bbox 3650 4374 3706 4438; x_wconf 91' lang='grc' dir='ltr'><strong>Ο</strong></span> <span class='ocrx_word' id='word_1_467' title='bbox 3738 4372 4081 4440; x_wconf 88' lang='lat' dir='ltr'><strong>collatione</strong></span> <span class='ocrx_word' id='word_1_468' title='bbox 4112 4375 4298 4459; x_wconf 86' lang='lat' dir='ltr'><strong>hujus</strong></span> 
     </span>
     <span class='ocr_line' id='line_1_40' title="bbox 649 4477 4295 4572; baseline 0.002 -28"><span class='ocrx_word' id='word_1_469' title='bbox 649 4480 1042 4572; x_wconf 83' lang='lat' dir='ltr'><strong>argumentis</strong></span> <span class='ocrx_word' id='word_1_470' title='bbox 1108 4477 1432 4562; x_wconf 87' lang='lat' dir='ltr'><strong>adjunxit,</strong></span> <span class='ocrx_word' id='word_1_471' title='bbox 1499 4477 1613 4542; x_wconf 91' lang='lat' dir='ltr'><strong>illa</strong></span> <span class='ocrx_word' id='word_1_472' title='bbox 1667 4477 1924 4560; x_wconf 88' lang='lat' dir='ltr'><strong>quidem</strong></span> <span class='ocrx_word' id='word_1_473' title='bbox 1980 4486 2193 4544; x_wconf 90' lang='lat' dir='ltr'><strong>mente</strong></span> <span class='ocrx_word' id='word_1_474' title='bbox 2248 4486 2321 4544; x_wconf 89' lang='lat' dir='ltr'><strong>ut</strong></span> <span class='ocrx_word' id='word_1_475' title='bbox 2373 4479 2767 4544; x_wconf 79' lang='lat' dir='ltr'><strong>Baehrensio</strong></span> <span class='ocrx_word' id='word_1_476' title='bbox 2826 4479 3296 4563; x_wconf 88' lang='lat' dir='ltr'><strong>neglegentiam</strong></span> <span class='ocrx_word' id='word_1_477' title='bbox 3365 4481 3711 4563; x_wconf 89' lang='lat' dir='ltr'><strong>quandam,</strong></span> <span class='ocrx_word' id='word_1_478' title='bbox 3782 4501 3949 4563; x_wconf 89' lang='lat' dir='ltr'><strong>quae</strong></span> <span class='ocrx_word' id='word_1_479' title='bbox 4003 4490 4104 4548; x_wconf 88' lang='lat' dir='ltr'><strong>est</strong></span> <span class='ocrx_word' id='word_1_480' title='bbox 4158 4483 4295 4566; x_wconf 87' lang='lat' dir='ltr'><strong>ejus</strong></span> 
     </span>
     <span class='ocr_line' id='line_1_41' title="bbox 649 4582 4295 4672; baseline 0.001 -22"><span class='ocrx_word' id='word_1_481' title='bbox 649 4586 931 4672; x_wconf 89' lang='lat' dir='ltr'><strong>propria,</strong></span> <span class='ocrx_word' id='word_1_482' title='bbox 980 4586 1138 4651; x_wconf 83' lang='lat' dir='ltr'><strong>vitio</strong></span> <span class='ocrx_word' id='word_1_483' title='bbox 1186 4592 1490 4651; x_wconf 80' lang='lat' dir='ltr'><strong>verteret.</strong></span> <span class='ocrx_word' id='word_1_484' title='bbox 1572 4584 1664 4649; x_wconf 81' lang='lat' dir='ltr'><strong>Eu</strong></span> <span class='ocrx_word' id='word_1_485' title='bbox 1722 4604 1886 4666; x_wconf 91' lang='lat' dir='ltr'><strong>quae</strong></span> <span class='ocrx_word' id='word_1_486' title='bbox 1941 4584 2100 4651; x_wconf 89' lang='lat' dir='ltr'><strong>dicit</strong></span> <span class='ocrx_word' id='word_1_487' title='bbox 2152 4606 2261 4670; x_wconf 86' lang='lat' dir='ltr'><strong>pg.</strong></span> <span class='ocrx_word' id='word_1_488' title='bbox 2307 4583 2398 4650; x_wconf 79' lang='lat'><strong>50</strong></span> <span class='ocrx_word' id='word_1_489' title='bbox 2441 4606 2613 4668; x_wconf 87' lang='lat' dir='ltr'><strong>sqq.:</strong></span> <span class='ocrx_word' id='word_1_490' title='bbox 2693 4585 3016 4651; x_wconf 88' lang='lat' dir='ltr'><strong>Baehrens</strong></span> <span class='ocrx_word' id='word_1_491' title='bbox 3071 4582 3169 4667; x_wconf 73' lang='lat' dir='ltr'><strong>[yut</strong></span> <span class='ocrx_word' id='word_1_492' title='bbox 3221 4600 3298 4649; x_wconf 79' lang='lat' dir='ltr'><strong>an</strong></span> <span class='ocrx_word' id='word_1_493' title='bbox 3341 4584 3637 4667; x_wconf 70' lang='lat' dir='ltr'><strong>folgenben</strong></span> <span class='ocrx_word' id='word_1_494' title='bbox 3681 4582 3912 4651; x_wconf 60' lang='lat' dir='ltr'><strong>&amp;testea</strong></span> <span class='ocrx_word' id='word_1_495' title='bbox 3966 4586 4067 4671; x_wconf 61' lang='lat' dir='ltr'><strong>fieb</strong></span> <span class='ocrx_word' id='word_1_496' title='bbox 4121 4585 4295 4670; x_wconf 64' lang='lat' dir='ltr'><strong>timu</strong></span> 
     </span>
     <span class='ocr_line' id='line_1_42' title="bbox 649 4687 4292 4778; baseline 0.001 -22"><span class='ocrx_word' id='word_1_497' title='bbox 649 4689 1097 4773; x_wconf 63' lang='lat' dir='ltr'><strong>uanatbffiss&#39;igt,</strong></span> <span class='ocrx_word' id='word_1_498' title='bbox 1164 4687 1338 4772; x_wconf 64' lang='lat' dir='ltr'><strong>tbeilss</strong></span> <span class='ocrx_word' id='word_1_499' title='bbox 1394 4695 1573 4753; x_wconf 66' lang='lat' dir='ltr'><strong>envas</strong></span> <span class='ocrx_word' id='word_1_500' title='bbox 1630 4687 1955 4771; x_wconf 66' lang='lat' dir='ltr'><strong>iiberfelyen:</strong></span> <span class='ocrx_word' id='word_1_501' title='bbox 2044 4691 2100 4756; x_wconf 94' lang='grc' dir='ltr'>Ο</span> <span class='ocrx_word' id='word_1_502' title='bbox 2154 4688 2282 4772; x_wconf 64' lang='lat' dir='ltr'><strong>bat:</strong></span> <span class='ocrx_word' id='word_1_503' title='bbox 2331 4689 2468 4770; x_wconf 75' lang='grc' dir='ltr'><strong>6,ιό</strong></span> <span class='ocrx_word' id='word_1_504' title='bbox 2534 4692 2847 4775; x_wconf 90' lang='lat' dir='ltr'><strong>quidquid</strong></span> <span class='ocrx_word' id='word_1_505' title='bbox 2898 4693 3097 4757; x_wconf 89' lang='lat' dir='ltr'><strong>babes</strong></span> <span class='ocrx_word' id='word_1_506' title='bbox 3153 4688 3434 4774; x_wconf 84' lang='lat' dir='ltr'><strong>(habes);</strong></span> <span class='ocrx_word' id='word_1_507' title='bbox 3497 4692 3628 4771; x_wconf 76' lang='lat'><strong>7,11</strong></span> <span class='ocrx_word' id='word_1_508' title='bbox 3686 4693 3922 4760; x_wconf 83' lang='lat' dir='ltr'><strong>curiosi</strong></span> <span class='ocrx_word' id='word_1_509' title='bbox 3969 4691 4256 4778; x_wconf 88' lang='lat' dir='ltr'><strong>(curiosi)</strong></span> <span class='ocrx_word' id='word_1_510' title='bbox 4274 4718 4292 4778; x_wconf 86' lang='lat'>;</span> 
     </span>
     <span class='ocr_line' id='line_1_43' title="bbox 655 4794 1540 4885; baseline -0.005 -19"><span class='ocrx_word' id='word_1_511' title='bbox 655 4796 798 4877; x_wconf 79' lang='grc'><strong>11,8</strong></span> <span class='ocrx_word' id='word_1_512' title='bbox 834 4820 991 4885; x_wconf 88' lang='lat' dir='ltr'><strong>epra</strong></span> <span class='ocrx_word' id='word_1_513' title='bbox 1036 4794 1371 4881; x_wconf 82' lang='lat' dir='ltr'><strong>(aequora)</strong></span> <span class='ocrx_word' id='word_1_514' title='bbox 1419 4804 1540 4863; x_wconf 89' lang='lat' dir='ltr'><strong>etc.</strong></span> 
     </span>
    </p>
   </div>
   <div class='ocr_carea' id='block_1_8' title="bbox 863 5076 1259 5148">
    <p class='ocr_par' dir='ltr' id='par_1_8' title="bbox 863 5076 1259 5148">
     <span class='ocr_line' id='line_1_44' title="bbox 863 5076 1259 5148; baseline 0 -12"><span class='ocrx_word' id='word_1_515' title='bbox 863 5076 929 5148; x_wconf 79' lang='lat'><strong>³⁸)</strong></span> <span class='ocrx_word' id='word_1_516' title='bbox 965 5079 1002 5136; x_wconf 89' lang='lat'><strong>1.</strong></span> <span class='ocrx_word' id='word_1_517' title='bbox 1041 5079 1074 5135; x_wconf 91' lang='grc' dir='ltr'><strong>Ι.</strong></span> <span class='ocrx_word' id='word_1_518' title='bbox 1112 5077 1259 5136; x_wconf 82' lang='lat' dir='ltr'><strong>XIV.</strong></span> 
     </span>
    </p>
   </div>
  </div>
 </body>
</html>
