4787 5950
2080 727 2177 737 -‚-
2252 727 2311 738 —ae
2362 729 2495 739 ἰμ’-’-

456 856 773 922 Pleitneri
852 857 1157 922 accedere
1224 877 1503 940 nequeo,
1579 866 1792 921 tamen
1862 878 1945 920 ex
2002 857 2208 949 altera
2274 866 2461 942 parte
2515 879 2598 923 ne
2666 860 2733 922 in
2790 860 2990 923 verba
3058 860 3310 940 quidem
3383 861 3757 928 Baehrensii
3815 862 4106 946 jurarim,

456 967 575 1030 sed
604 963 1060 1047 Rossbergium
1078 958 1161 1045 ⁴²²)
1209 965 1289 1028 de
1335 964 1520 1047 hujus
1566 964 1689 1028 viri
1734 966 2055 1029 sententia
2098 974 2273 1029 recte
2311 965 2636 1047 judicasse
2682 976 2749 1030 et
2778 964 3154 1030 Baehrensii
3198 968 3426 1032 studiis
3459 969 3634 1033 illam
3668 972 4107 1051 quaestionem

458 1073 736 1138 nondum
819 1073 973 1136 satis
1029 1072 1410 1156 explicatam
1478 1091 1617 1137 esse
1670 1089 1923 1136 censeo.
2018 1070 2145 1136 Sed
2215 1092 2596 1153 quamquam
2663 1073 2756 1136 ita
2821 1092 2924 1136 res
2992 1092 3062 1136 se
3115 1073 3339 1156 habet,
3409 1083 3623 1139 tamen
3695 1078 3748 1141 is
3803 1077 3885 1141 ad
3941 1079 4107 1143 hanc

459 1200 713 1262 quoque
768 1198 901 1243 rem
958 1179 1183 1243 saltem
1236 1179 1451 1260 aliqua
1505 1199 1585 1242 ex
1639 1187 1825 1263 parte
1881 1178 2323 1243 illustrandam
2378 1180 2664 1243 codicem
2718 1179 3146 1244 oxoniensem
3202 1202 3330 1244 non
3389 1182 3622 1264 injuria
3680 1184 3740 1247 in
3797 1185 4102 1249 auxilium

454 1280 822 1367 vocavitffi).
954 1286 1097 1350 Duo
1174 1287 1387 1370 posuit
1461 1285 1712 1349 illarum
1791 1285 2133 1349 lectionum
2210 1306 2480 1368 genera,
2558 1307 2824 1367 quornm
2903 1288 3078 1371 prins
3154 1288 3492 1352 admodum
3583 1290 4101 1374 distinguendum

454 1394 1004 1478 separandumque
1050 1400 1219 1458 esset
1263 1413 1302 1457 a
1345 1393 1720 1477 posteriore.
1795 1391 1924 1456 Sed
1970 1414 2111 1457 cum
2160 1414 2238 1456 ex
2284 1393 2402 1456 hac
2450 1393 2791 1458 lectionum
2840 1394 3215 1458 diversitate
3262 1395 3566 1476 colligere
3599 1396 3803 1461 voluit
3814 1391 3897 1480 ⁷⁴)
3943 1398 4103 1463 alias

454 1502 591 1565 sine
638 1502 833 1564 dubio
882 1509 1223 1583 „tauquam
1268 1500 1531 1564 alterius
1576 1500 1832 1580 codicis,
1882 1499 2042 1563 alias
2090 1510 2389 1581 tanquam
2440 1496 2495 1560 V
2538 1500 2738 1583 ipsius
2785 1500 3306 1584 contemplandas
3353 1499 3554 1583 esse“,
3621 1514 3795 1568 certe
3839 1505 4102 1569 nimium

451 1608 739 1690 collegit3
790 1626 1167 1689 quamquam
1215 1608 1385 1689 quod
1430 1607 1513 1670 ad
1560 1626 1814 1671 carmen
1862 1608 2007 1689 233
2043 1606 2232 1670 docet
2276 1607 2554 1690 speciem
2601 1606 2796 1670 habet
2843 1607 3339 1690 probabilitatis,
3387 1610 3486 1672 Ex
3531 1611 3650 1673 hoc
3694 1612 3864 1675 enim
3910 1633 4101 1679 versu

453 1715 776 1799 explicare
822 1717 1097 1779 tentavit
1143 1715 1460 1778 variarum
1509 1714 1847 1778 lectionum
1897 1734 2098 1797 genus
2144 1713 2416 1777 alterum
2466 1734 2542 1777 ea
2587 1714 2670 1777 de
2714 1734 2904 1776 cansa
2947 1715 3030 1776 ad
3077 1714 3510 1799 Archetypum
3555 1726 3623 1781 et
3667 1715 4098 1785 Veronensem

454 1822 660 1906 ipsum
709 1822 940 1902 redire,
990 1822 1143 1903 quia
1187 1822 1337 1885 libri
1387 1822 1447 1885 G
1492 1822 1706 1885 scriba
1753 1840 2033 1885 errorem
2080 1820 2445 1901 ridiculum,
2494 1821 2604 1902 qui
2651 1821 2819 1884 inest
2871 1821 2936 1883 in
2987 1820 3260 1886 lectione
3307 1822 3456 1886 libri
3517 1844 3676 1906 „nec
3720 1827 3926 1890 cimex
3971 1829 4100 1892 aial

450 1948 658 2010 neque
705 1925 1035 2010 araneus“,
1083 1949 1402 2010 nunquam
1436 1929 1870 2008 commisisset,
1919 1929 1973 1991 si
2009 1927 2073 1990 in
2096 1924 2153 1987 V
2178 1925 2306 1991 talc
2339 1926 2494 2008 quid
2518 1928 2936 2010 repperisset:
2990 1929 3236 2008 „cimex
3268 1925 3332 1992 a}
3363 1948 3570 2011 neque
3593 1952 3712 1996 nec
3757 1930 4089 1998 araneuS.“

451 2035 627 2112 Quae
671 2044 894 2100 nostra
938 2036 1175 2100 auxilia
1232 2043 1378 2103 sunt
1422 2036 1612 2119 plane
1666 2036 1820 2099 satis
1867 2042 1966 2098 est
1996 2034 2173 2098 -scire
2219 2054 2299 2097 ex
2347 2033 2516 2097 libro
2562 2031 2617 2095 V
2665 2034 2802 2117 ipso
2858 2033 3163 2099 lectiones
3208 2037 3417 2100 varias
3471 2038 3891 2123 transcriptas
3937 2042 4128 2124 esse,‘

447 2143 533 2206 ad
589 2143 759 2224 quod
829 2143 1266 2207 affirmandum
1315 2142 1642 2205 Schulzius
1658 2136 1739 2219 ⁷⁵)
1796 2162 2027 2206 novum
2087 2150 2530 2223 argumentum
2587 2140 2831 2205 attulit:
2917 2140 3402 2223 Pastrengicum
3472 2145 3580 2225 qui
3649 2146 3734 2208 ad
3780 2142 4098 2212 Veronam

446 2250 643 2313 vitam
692 2251 1046 2335 peregisset
1091 2251 1188 2313 bis
1236 2251 1433 2313 verba
1481 2249 1712 2313 Catulli
1782 2249 2046 2333 propria
2112 2247 2374 2311 laudare
2429 2267 2510 2310 ex
2558 2248 2777 2311 codiee
2828 2245 3175 2312 Veronensi
3223 2257 3355 2312 tum
3403 2250 3541 2315 solo
3585 2260 3742 2316 noto
3797 2275 3902 2337 pg.
3957 2254 4094 2319 18b:

445 2354 1363 2437 „Catullus,Veronensis
1412 2364 1665 2439 poeta,
1707 2355 2032 2420 Ciceronis
2063 2364 2384 2435 coctanus,
2435 2355 2665 2418 librum
2699 2356 2914 2419 vario
2962 2364 3369 2419 metrorum
3414 2378 3701 2438 genere
3748 2368 4095 2445 exaratum,

445 2468 643 2531 multa
701 2467 977 2549 jocosa
1031 2472 1097 2528 et
1152 2463 1390 2548 placita
1434 2464 1863 2527 continentem
1925 2462 2274 2527 scolasticis
2343 2462 2679 2541 legendum
2731 2457 3061 2525 tradidit.“
3154 2462 3330 2539 Quae
3385 2464 3468 2527 ad
3529 2465 3799 2530 eundem
3857 2467 4095 2532 fontem

445 2576 657 2639 redire
725 2595 851 2655 quo
920 2556 1131 2655 glossa
1201 2571 1568 2653 marginalis
1635 2570 1717 2633 ad
1773 2592 1826 2632 c.
1879 2571 1919 2633 2
1990 2570 2054 2632 in
2113 2570 2333 2632 codice
2391 2569 2767 2633 oxoniensi:
2866 2568 3223 2652 „completo
3293 2571 3619 2653 prohemio
3690 2593 3850 2657 opus
3916 2595 4094 2638 suum

442 2683 720 2755 inchoat,
780 2680 950 2763 quod
997 2680 1216 2743 vario
1264 2687 1673 2741 metrorum
1719 2696 2006 2759 genere
2051 2677 2489 2760 prosequitur3
2551 2676 2818 2739 materia
2863 2684 3074 2739 tamen
3121 2674 3254 2740 fere
3301 2678 3505 2740 omnis
3550 2687 3649 2742 est
3693 2680 3979 2745 comica
4024 2691 4094 2745 ut

440 2789 705 2853 inferius
752 2781 1265 2852 demonstratur“
1314 2792 1381 2848 et
1424 2785 1881 2868 superscriptio
1930 2784 2211 2866 ejusdem
2260 2783 2438 2846 libri:
2504 2782 2854 2846 Catullus
2901 2779 3366 2847 Veronensis
3411 2791 3660 2866 poeta.

654 2895 882 2977 Itaque
930 2914 1068 2956 cum
1114 2893 1183 2954 in
1215 2888 1566 2955 Veronensi
1623 2890 1931 2956 lectiones
1978 2891 2195 2955 variae
2252 2890 2517 2971 fuerint,
2575 2896 2777 2953 restat
2824 2897 2893 2952 ut
2939 2909 3313 2971 quaeramus
3371 2911 3519 2954 num
3566 2892 3778 2955 scriba
3821 2895 4090 2977 Sauger-

440 3004 757 3066 mariensis
817 3022 924 3065 eas
989 3020 1208 3064 omnes
1276 2999 1612 3083 receperit.
1704 2998 2130 3064 Baehrensius
2186 3007 2253 3063 et
2308 2998 2457 3062 huic
2526 2997 2890 3077 quaestioni
2946 3004 3014 3061 ct
3080 2997 3269 3061 alteri
3337 3018 3526 3079 quam
3583 3019 3710 3063 una
3776 3020 4086 3084 exponam

438 3110 770 3194 respondit
784 3103 897 3190 76);
976 3128 1057 3172 ex
1113 3108 1330 3191 paucis
1376 3105 1504 3170 illis
1560 3126 1714 3187 quas
1762 3107 1816 3169 O
1865 3108 2049 3172 daret
2093 3107 2474 3188 lectionibus
2531 3107 2726 3170 variis
2773 3106 2929 3170 duas
2985 3126 3087 3170 res
3134 3108 3460 3189 cognosci,
3531 3109 3803 3191 primum
3853 3110 3914 3173 G
3957 3132 4085 3175 non

439 3238 657 3282 omnes
703 3237 859 3298 quas
904 3215 966 3278 V
1013 3214 1341 3279 habuisset
1394 3214 1604 3278 varias
1661 3214 1969 3280 lectiones
2025 3214 2346 3295 exhibere,
2408 3214 2640 3278 deinde
2689 3214 2747 3278 G
2802 3233 3253 3295 nonnunquam
3310 3213 3553 3296 rejecta
3606 3214 3883 3280 lectione
3939 3236 3979 3280 a
4022 3217 4084 3280 V

439 3326 505 3387 in
561 3332 742 3388 textu
799 3324 1085 3387 exhibita
1143 3323 1336 3387 tacite
1391 3322 1730 3406 sumpsisse
1788 3322 2167 3405 scripturam
2225 3323 2722 3406 supe1scriptam
2778 3323 2913 3385 sive
2970 3321 3404 3402 marginalem.
3477 3342 3682 3404 neque
3741 3324 3806 3385 in
3861 3323 3958 3386 his
4016 3345 4084 3388 se

436 3432 823 3495 continuisse
871 3431 1139 3494 hominis
1186 3429 1658 3512 neglegentiam
1704 3437 1772 3493 et
1818 3428 2069 3512 saepius
2116 3428 2458 3492 lectionem
2503 3429 2997 3512 superscriptam
3033 3428 3098 3491 in
3130 3436 3396 3508 textum,
3449 3429 3514 3491 in
3547 3437 3727 3493 textu
3760 3429 4082 3495 inventam

434 3538 973 3623 superscripsisse.
1066 3537 1193 3601 Sed
1239 3537 1368 3600 alia
1415 3537 1702 3618 quaestio
1751 3544 1817 3600 et
1869 3535 2192 3600 difficilior
2237 3545 2353 3614 est,
2414 3556 2560 3599 num
2608 3536 2914 3600 lectiones
2970 3554 3128 3616 quas
3176 3534 3238 3596 G
3283 3537 3550 3617 praebet
3597 3537 3806 3601 varias
3863 3558 4080 3602 omnes

434 3666 585 3710 vere
632 3647 767 3709 sive
815 3665 893 3708 ex
924 3644 1283 3708 Veronensi
1331 3645 1464 3707 sive
1512 3664 1592 3707 ex
1636 3643 1765 3707 alio
1810 3642 2084 3724 quodam
2131 3642 2352 3706 codice
2405 3643 2720 3726 repetitae
2766 3643 2911 3706 siut.
2985 3641 3130 3705 Non
3171 3642 3499 3725 videntum
3549 3663 3695 3705 nam
3735 3645 4080 3709 nonnullae

437 3753 743 3817 lectiones
790 3771 903 3815 eae
950 3760 1096 3815 sunt
1141 3759 1211 3814 ut
1258 3750 1550 3833 intellegi
1600 3770 1725 3813 non
1772 3749 2021 3833 possint
2069 3750 2190 3813 nisi
2237 3750 2448 3813 scriba
2495 3750 2732 3812 codicis
2782 3749 2840 3813 G
2887 3750 3024 3832 ipse
3073 3768 3152 3812 ex
3200 3769 3312 3812 suo
3358 3750 3619 3832 ingenio
3677 3770 3783 3814 eas
3839 3751 3950 3813 illa
3997 3751 4078 3815 de

429 3880 619 3924 causa
684 3858 1200 3943 superscripsisse
1255 3864 1515 3941 putetur
1559 3857 1710 3938 quia
1762 3857 1939 3941 prius
1996 3876 2064 3920 se
2110 3864 2476 3921 contextum
2533 3856 2886 3920 litterarum
2935 3863 3000 3920 et
3045 3859 3384 3920 verborum
3431 3857 3577 3919 libri
3626 3854 3681 3917 V
3727 3878 3852 3920 non
3901 3864 4076 3922 recte

431 3966 664 4050 legisse
710 3973 934 4050 postea
977 3966 1298 4029 censebat.
1370 3965 1473 4027 Ad
1520 3964 1789 4028 similem
1835 3964 2020 4045 hujus
2064 3964 2159 4026 rei
2207 3963 2699 4046 explicationem
2743 3956 3199 4047 Pleitnerus⁷⁷)
3245 3965 3558 4047 pervenit,
3605 3985 3647 4027 a
3690 3985 3816 4046 quo
3861 3972 4072 4028 tamen

428 4074 496 4137 in
545 4095 621 4138 ea
666 4093 737 4137 re
782 4072 1091 4136 dissentio
1139 4071 1309 4153 quod
1358 4071 1667 4153 ejusmodi
1717 4070 2193 4134 emendationes
2239 4071 2511 4153 primum
2559 4070 2623 4132 in
2674 4069 2734 4132 G
2780 4090 2818 4132 a
2863 4070 3048 4134 nobis
3095 4070 3489 4154 deprehendi
3535 4091 3783 4135 censeo,

635 4315 704 4386 ⁷²¹)
741 4318 775 4371 l.
814 4316 850 4372 l.
888 4333 975 4385 pg.
1017 4317 1134 4372 170.

638 4404 707 4473 ⁷3)
745 4405 780 4461 1.
819 4405 853 4461 l.
892 4421 978 4474 pg.
1016 4403 1288 4461 XXXVII.

633 4491 699 4563 ⁷⁴)
735 4494 770 4550 l.
808 4494 844 4549 I.
881 4509 968 4562 pg.
1004 4493 1304 4550 XXXVIII.

629 4581 697 4651 ⁷⁵)
732 4584 768 4639 1.
805 4583 842 4639 l.
880 4599 968 4652 pg.
1004 4583 1090 4638 57.

626 4667 678 4709 το

624 4673 698 4828 ⁷⁷3
729 4671 770 4814 i
803 4672 966 4829 1.ξὲ
999 4669 1286 4825 'ltssxtxjsslii
1319 4687 1538 4826 {lemen
1595 4759 1678 4814 ber
1724 4755 2044 4828 nngeffibtten
2080 4754 2357 4813 Βατίαιιῑειι
2403 4758 2565 4824 (643⁶
2609 4755 2815 4811 nicenis
2857 4755 3121 4811 alacrioea
3166 4755 3231 4825 G,
3287 4757 3501 4827 bugegm
3539 4769 3759 4827 flencuet
3806 4754 3877 4812 im
3921 4757 4066 4823 ersten

420 4847 589 4906 ΞΒοτῐε
624 4850 674 4904 D
710 4849 931 4904 micenis
967 4849 1245 4906 alocrisea.
1282 4878 1344 4888 —
1387 4853 1527 4919 63,ae
1560 4846 1787 4903 floridus
1822 4846 2055 4902 circulus
2079 4847 2147 4916 D,
2182 4843 2389 4901 floridis
2426 4843 2639 4899 circulis
2664 4844 2712 4898 G
2749 4859 2799 4899 u.
2838 4846 2870 4910 5.
2909 4847 2998 4913 ω.)
3037 4845 3140 4911 stub
3175 4845 3427 4916 δεκατείᾳ,
3462 4844 3560 4912 bufi
3595 4859 3718 4901 mun
3751 4844 3814 4911 ste
3848 4861 3947 4900 nur
3982 4848 4064 4902 elz

417 4935 730 5008 naftbiebene
766 4937 1120 5009 ‘Iluffuffuugeu
1156 4938 1243 4993 δἐι·
1276 4936 1344 4993 im
1370 4937 1671 5006 &Irdyenyzmss
1710 4935 2061 5005 untfiublidyen
2094 4935 2278 5000 Qessert,
2314 4935 2418 4989 nub
2454 4932 2596 5001 §omit
2631 4931 2676 4998 ie
2709 4931 2816 4987 eine
2850 4932 3017 4989 bunun
3055 4937 3138 4988 (ιω
3174 4931 3528 5001 nadybeffembe
3553 4932 3858 5001 sseberfdytift
3890 4934 3944 4990 iu
3981 4934 4065 4991 bet

416 5025 568 5096 copie
605 5029 693 5083 bes
726 5027 1032 5097 ilrdpempuss
1071 5025 1304 5095 eruat-titt
1341 5025 1505 5093 fiu'nm
1542 5025 1717 5081 Imur'.
1795 5041 1884 5095 pg.
1924 5028 2014 5080 13:
2066 5023 2240 5092 „Sbide
2274 5023 2549 5080 &fiumen
2588 5022 2770 5094 flingen
2805 5021 2859 5077 in
2895 5024 2988 5077 ben
3014 5021 3195 5078 Codex
3220 5022 3546 5078 Veronensis
3581 5021 3719 5088 iiber,
3755 5024 3859 5078 unb
3895 5021 4064 5089 §duim

414 5116 491 5171 bie
539 5116 771 5185 Ἰῑὸῑῴτίᾓ
822 5115 1078 5184 berfelben,
1142 5126 1242 5171 nnn
1289 5114 1481 5182 mctdyet
1526 5114 1573 5169 G
1620 5117 1827 5182 flammi,
1889 5114 1965 5170 bie
2000 5114 2070 5169 im
2119 5113 2344 5180 (iontem
2399 5110 2728 5179 befinblicben,
2775 5111 2881 5179 iene
2931 5111 3062 5178 obet,
3109 5123 3208 5167 nou
3255 5113 3446 5181 xreldyct
3481 5112 3532 5166 D
3567 5110 3817 5182 aqueitet
3863 5110 3931 5177 in,
3985 5113 4063 5168 bie
