4787 5950
2618 598 2706 664 28

2689 688 2796 700 va
2803 688 2881 701 Μ

850 824 1062 882 utram
1079 818 1350 882 mutuati
1372 818 1521 899 sint,
1547 817 1736 881 modo
1760 817 2099 899 genuinam
2123 816 2466 882 lectionem
2486 819 2675 883 modo
2699 819 3195 903 superscriptam
3219 812 3559 903 glossam“,
3587 826 3653 883 et
3664 818 4089 883 Baehrensius
4098 811 4176 898 ⁸⁰)
4201 820 4452 885 codices
4471 841 4506 890 ς

852 925 991 990 01110
1022 925 1155 989 ullo
1191 924 1457 990 consilio
1487 925 1678 989 modo
1709 923 1873 988 hanc
1918 923 2107 988 modo
2154 924 2328 988 illam
2374 924 2718 989 lectionem
2762 926 2961 1007 sequi.
3034 925 3163 991 Sed
3211 925 3463 989 etiamsi
3509 925 3600 990 ita
3645 946 3716 991 se
3760 946 3864 991 res
3909 926 4124 1008 habet,
4173 927 4503 992 conclusio

849 1025 1314 1112 Baehrensiiffl)
1383 1051 1602 1097 omnes
1669 1031 1869 1095 libros
1936 1028 2076 1111 (aut
2118 1051 2245 1094 uno
2289 1030 2547 1096 Datano
2594 1028 2890 1117 excepto)
2960 1053 3088 1097 non
3155 1053 3273 1117 pro
3342 1052 3412 1097 sc
3458 1052 3772 1116 quemque
3818 1053 3897 1098 ex
3946 1034 4026 1115 G,
4084 1032 4197 1097 sed
4242 1053 4322 1097 ex
4367 1053 4502 1098 uno

851 1139 1203 1221 eodemque
1259 1138 1396 1222 ejus
1449 1139 1819 1223 apographo
1866 1157 2004 1202 esse
2049 1136 2398 1221 profectos,
2469 1159 2510 1201 a
2552 1159 2677 1220 quo
2724 1141 2853 1204 alia
2896 1146 3103 1221 recte,
3160 1158 3496 1224 perperam
3541 1140 3672 1204 alia
3714 1147 4004 1205 correcta
4047 1138 4341 1221 fuissent,
4413 1140 4503 1204 ad

850 1247 1100 1311 codices
1148 1246 1293 1310 illos
1340 1246 1597 1327 quidem
1643 1242 1802 1327 quos
1847 1244 2100 1329 saepius
2145 1244 2521 1309 nominatim
2569 1245 2755 1310 attuli
2801 1244 2975 1310 BLa¹
3016 1243 3160 1310 Vat.
3214 1247 3679 1328 quodammodo
3733 1248 4068 1311 claudicat.
4147 1244 4503 1311 Praeterea

850 1373 887 1417 e
932 1353 1196 1435 reliquis
1242 1374 1495 1436 quoque
1560 1373 1721 1418 unus
1777 1373 1903 1417 non
1950 1352 2206 1416 omnino
2273 1353 2881 1436 praetermittendus
2939 1362 3064 1434 est,
3135 1354 3336 1417 codex
3382 1354 3771 1417 Lachmanni
3817 1353 4240 1419 Santenianus
4310 1373 4501 1435 quem

849 1467 1063 1524 tamen
1109 1468 1176 1533 et
1221 1453 1675 1539 Schwabius⁸²)
1724 1468 1791 1524 et
1823 1458 2250 1523 Baehrensius
2296 1459 2406 1541 qui
2438 1459 2866 1542 respiceretur
2896 1459 3156 1542 dignum
3194 1460 3662 1543 judicaverunt.
3719 1462 3824 1524 Ad
3870 1461 4031 1524 illud
4078 1461 4283 1544 igitur'
4322 1460 4501 1542 quod

849 1566 955 1631 1110
1000 1567 1102 1629 vir
1146 1567 1369 1631 doctus
1417 1567 1497 1631 de
1543 1566 1935 1631 Santeniano
1981 1565 2227 1629 monuit
2273 1565 2787 1648 investigandum
2834 1567 3209 1649 aggredior;
3258 1568 3619 1649 anquiritur
3663 1568 3831 1631 enim
3879 1568 4198 1651 quomodo
4245 1567 4502 1651 glossae

848 1694 888 1736 a
932 1674 1182 1757 vulgari
1249 1672 1525 1738 lectione
1593 1672 1996 1737 discedentes
2061 1692 2224 1754 quae
2286 1671 2356 1735 in
2410 1671 2736 1737 codicibus
2804 1673 3234 1756 compluribus
3301 1674 3709 1757 reperiuntur
3762 1674 3830 1737 in
3883 1695 3992 1739 eos
4060 1675 4500 1758 pervenerint.

851 1780 1094 1844 Suntne
1141 1799 1354 1844 merae
1401 1779 1933 1864 interpolationes
1979 1800 2061 1844 an
2108 1779 2275 1842 00οῩ
2343 1777 2555 1842 Meam
2601 1779 2984 1843 sententiam
3031 1781 3246 1844 verbis
3290 1780 3665 1845 Baehrensii
3710 1781 3998 1845 adiciam.
4091 1780 4267 1844 Dicit
4313 1775 4498 1860 is⁸⁸):

854 1887 1073 1971 „Libri
1120 1886 1495 1951 Santeniani
1540 1894 1868 1951 corrector
1912 1888 2183 1951 maxime
2229 1887 2297 1950 in
2342 1887 2632 1970 margine
2688 1888 2936 1970 aliquot
3002 1883 3347 1971 scripturas
3403 1888 3765 1969 adnotavit,
3837 1908 4100 1970 quarum
4146 1888 4342 1951 mirus
4398 1896 4504 1951 est

849 2014 990 2058 cum
1036 1993 1091 2057 O
1141 2014 1511 2058 consensus:
1580 2015 1772 2058 unum
1820 1993 2103 2058 adferam
2148 1994 2527 2078 exemplum.
2600 1995 2815 2076 64,139
2857 1995 2916 2058 G
2963 2003 3029 2059 et
3073 2015 3105 2065 ς
3150 2015 3368 2059 omnes
3413 1995 3681 2059 habent:
3747 1997 3878 2078 „At
3921 2014 4050 2058 non
4095 1994 4255 2059 11000
4301 2015 4502 2076 quon-

848 2100 993 2164 dam
1040 2101 1264 2164 nobis
1310 2101 1622 2185 promissa
1666 2090 2167 2181 dedisti'Voce“,
2216 2102 2284 2164 in
2331 2101 2562 2182 quibus
2607 2121 2746 2165 cum
2794 2100 2955 2164 illud
3001 2122 3184 2166 voce
3231 2110 3362 2167 tam
3400 2103 3565 2166 nude
3611 2102 3885 2186 positum
3919 2102 4145 2164 mirum
4191 2109 4501 2184 quantum

846 2207 1168 2290 langueat,
1217 2207 1587 2290 conjectura
1629 2208 2055 2272 immutabunt
2101 2207 2276 2272 docti
2320 2207 2630 2272 nonnulli.
2701 2208 2828 2272 Sed
2863 2209 3030 2272 euim
3063 2228 3238 2273 mero
3273 2229 3491 2273 errore
3536 2208 3696 2271 illud
3741 2209 3964 2272 nobis
4013 2208 4079 2271 in
4113 2208 4172 2272 G
4219 2209 4500 2291 indeque

848 2313 914 2377 in
971 2336 1001 2385 ς
1054 2322 1384 2379 exaratum
1440 2321 1566 2399 est;
1637 2336 1783 2379 nam
1851 2314 1918 2377 id
1982 2314 2152 2396 quod
2207 2314 2263 2378 O
2320 2314 2516 2379 habet
2571 2315 2947 2396 quondam
3001 2316 3289 2379 blanda
3353 2320 3578 2401 aperta
3630 2315 3905 2379 veritate
3973 2310 4316 2397 genuinum
4371 2322 4492 2396 est,

844 2422 1050 2505 ipsum
1097 2429 1309 2485 autem
1357 2421 1516 2484 illud
1563 2420 1850 2485 blanda
1894 2420 2320 2485 Santenianus
2364 2422 2432 2484 in
2480 2422 2769 2505 margine
2814 2420 3206 2506 adscriptum
3251 2421 3530 2487 exhibet.
3592 2422 3905 2485 dementis
3963 2429 4131 2485 esset
4186 2430 4492 2500 statuere,

845 2527 1221 2593 Santeniani
1267 2536 1413 2612 post
1459 2528 1734 2592 medium
1778 2547 1943 2592 saec.
1990 2526 2121 2590 XV
2168 2528 2393 2612 scripti
2437 2527 2770 2592 librarium
2817 2536 3323 2594 correctoremve
3390 2530 3595 2614 ipsum
3652 2529 4006 2612 inspexisse
4058 2524 4492 2593 veronensem

845 2642 1185 2717 vetustum,
1233 2635 1471 2719 quippe
1516 2635 1692 2718 cujus
1738 2642 1887 2719 post
1931 2654 1988 2697 a.
2022 2634 2193 2698 1375
2240 2654 2360 2698 000
2390 2636 2541 2699 vola
2585 2656 2849 2717 usquam
2883 2656 3001 2701 nec
3032 2637 3373 2719 vestigium
3418 2635 3808 2720 apparuerit.
3857 2635 4026 2699 unde
4044 2644 4492 2718 ,correctorem

846 2742 1033 2807 istum
1081 2743 1136 2807 O
1184 2742 1389 2825 ipsum
1435 2749 1585 2807 ante
1631 2742 1847 2806 oculos
1893 2741 2188 2806 habuisse
2233 2741 2512 2824 indeque
2557 2742 2767 2806 varias
2813 2743 3116 2823 quasdam
3165 2743 3473 2807 lectiones
3519 2743 3655 2807 sive
3702 2744 3769 2805 in
3815 2743 4102 2825 margine
4150 2743 4494 2806 adnotasse

843 2850 981 2915 sive
1026 2850 1095 2912 in
1141 2854 1323 2913 textu
1377 2848 1736 2913 restituisse
1790 2849 2251 2913 consectarium
2307 2856 2433 2931 est3
2504 2869 2885 2931 quamquam
2941 2850 3069 2912 alia
3124 2851 3207 2913 ab
3263 2850 3487 2914 eodem
3542 2850 3842 2914 restituta
3895 2850 4095 2934 ipsius
4148 2848 4494 2912 tribuenda

845 2977 983 3022 esse
1028 2956 1291 3041 ingenio
1321 2977 1543 3021 verum
1589 2949 1748 3022 est.“
1844 2952 2157 3037 (Similem
2204 2955 2606 3024 intercedere
2635 2955 2951 3020 rationem
2984 2957 3153 3022 inter
3183 2957 3242 3019 D
3290 2964 3358 3022 et
3388 2956 3443 3019 B
3476 2954 3583 3021 La¹
3627 2953 3769 3021 Vat.
3818 2977 4012 3041 supra
4057 2956 4489 3039 cognovimus,

844 3084 1000 3148 ergo
1024 3064 1078 3127 L
1110 3071 1375 3149 propter
1404 3063 1519 3128 has
1550 3063 1858 3128 lectiones
1889 3063 2274 3146 marginales
2305 3063 2508 3147 pluris
2538 3064 2967 3128 aestimandus
3000 3071 3098 3129 est
3129 3084 3317 3146 quam
3339 3060 3678 3144 Datanus).
3726 3063 3890 3128 Sunt
3920 3064 4087 3128 enim
4120 3063 4187 3127 in
4218 3061 4490 3145 Sanger·

840 3170 1128 3235 manensi
1174 3190 1429 3252 quoque
1473 3170 1828 3255 complures
1861 3170 2079 3235 variae
2123 3169 2433 3234 lectiones
2479 3190 2643 3252 quae
2690 3170 2946 3234 01011100
2992 3192 3121 3235 non
3165 3171 3248 3235 ad
3294 3179 3661 3254 corruptam
3705 3170 4101 3235 Veronensis
4155 3179 4222 3234 et
4254 3170 4488 3234 Arche—

841 3279 982 3362 typi
1027 3278 1407 3362 scripturam
1451 3277 1750 3359 redeunt,
1821 3277 1936 3342 sed
1980 3278 2117 3341 sine
2165 3277 2361 3341 dubio
2408 3276 2661 3359 glossae
2708 3278 3129 3342 nominandae
3175 3286 3343 3343 sunt.
3435 3275 3573 3341 Nec
3616 3297 3773 3342 vero
3818 3279 4034 3361 magni
4079 3276 4279 3342 refert
4324 3278 4487 3341 scire

840 3391 1051 3449 utrum
1100 3384 1209 3466 qui
1254 3383 1691 3451 Veronensem
1737 3383 2029 3448 exaravit
2073 3383 2209 3468 ipse
2267 3403 2373 3448 eas
2428 3384 2896 3466 excogitaverit
2942 3405 3024 3449 an
3070 3405 3150 3449 ex
3204 3384 3334 3448 alio
3382 3383 3603 3448 codice
3658 3384 4013 3468 repetierit.
4105 3383 4251 3448 Hae
4306 3393 4482 3448 sunt:

3592 3485 3664 3538 01.
3703 3500 3992 3553 sanamque

844 3563 946 3645 2,ss
990 3570 1289 3646 negatam
1334 3564 1419 3628 01.
1461 3522 1733 3646 ligatam
1780 3562 1869 3644 (31,
1940 3569 2240 3644 negatam
2287 3561 2342 3625 O
2365 3560 2543 3643 Vat,
2590 3562 2855 3645 ligatam
2901 3562 2955 3624 B
2987 3558 3097 3626 La¹
3138 3581 3177 3625 0
3219 3562 3299 3625 D.
3350 3596 3436 3604 —
3483 3561 3524 3623 9
3529 3577 3585 3644 ,4
3632 3581 3934 3643 suamque
3982 3561 4072 3645 G,
4143 3583 4483 3646 sanamque

843 3669 976 3734 OB
1008 3667 1116 3734 La¹
1159 3666 1323 3752 Vat.,
1391 3688 1696 3751 suamque
1739 3684 1784 3731 a
1827 3667 1908 3732 D.
1957 3702 2045 3711 —
2114 3667 2259 3749 39‚4
2315 3663 2407 3752 pii
2454 3688 2656 3752 marg.
2703 3663 2786 3733 01.
2833 3668 3013 3752 impii
3062 3669 3155 3751 (31;
3220 3669 3401 3751 impii
3446 3668 3522 3750 Ο,
3578 3667 3672 3752 pii
3716 3667 3771 3730 B
3803 3665 3910 3732 La¹
3951 3667 4102 3732 Vat.
4154 3703 4241 3712 —-—
4310 3668 4487 3752 50,13

842 3867 1092 3912 omnem
1137 3843 1220 3912 01.
1268 3867 1470 3913 essem
1521 3847 1582 3911 G
1604 3847 1688 3930 B3
1761 3865 1962 3911 essem
2009 3846 2065 3910 O
2089 3842 2196 3908 La¹
2239 3842 2381 3909 Vat.
2430 3866 2509 3928 a.,
2571 3866 2820 3910 omnem
2865 3846 2945 3910 D.
2994 3880 3081 3889 —
3142 3843 3229 3909 65
3234 3860 3285 3926 ,7
3308 3770 3555 3930 ἵγᾟῖζα
3577 3846 3656 3928 G,
3715 3845 3914 3929 Troja
3957 3846 4014 3909 Ο
4059 3868 4108 3917 ς.
4153 3881 4242 3890 —-
4310 3849 4395 3912 66
4400 3862 4488 3929 ,56

840 3949 1239 4109 ἓᾶἆέἒῗὲἷωᾷ
1288 4025 1562 4091 00110001
1608 4024 1663 4090 O
1687 4024 1767 4106 D,
1814 4023 2076 4090 advolat
2120 4024 2175 4087 B
2199 4020 2307 4088 La¹
2346 4020 2491 4088 Vat.

1053 4167 1147 4232 Ut
1191 4170 1275 4232 ab
1320 4167 1546 4232 ultimo
1592 4167 1734 4233 loco
1779 4166 2112 4251 incipiam,
2171 4174 2454 4231 erratum
2513 4184 2889 4248 quocunque
2946 4149 3138 4229 modo
3184 4164 3487 4229 cohaeret
3538 4185 3680 4228 cum
3724 4166 4138 4248 praecedenti
4184 4186 4375 4231 versu
4419 4167 4488 4230 in

840 4294 967 4356 quo
1021 4275 1287 4339 avolat
1354 4275 1541 4339 inest.
1646 4269 1700 4338 0
1768 4281 2009 4339 1001010
2077 4272 2418 4337 lectionem
2451 4272 2705 4354 ‘habet,
2776 4292 2919 4337 cum
2976 4270 3128 4335 libri
3181 4270 3236 4334 B
3259 4268 3367 4336 110ι
3409 4268 3556 4335 Vat.
3613 4271 3735 4335 hoc
3801 4270 3942 4336 loco
4008 4281 4232 4356 aperte
4290 4293 4370 4338 ex
4424 4273 4485 4337 G

840 4380 1266 4465 dependeant.
1314 4379 1526 4459 Quare
1566 4401 1708 4445 cum
1747 4381 1875 4445 duo
1906 4388 2037 4445 tam
2068 4380 2325 4444 diversa
2369 4399 2609 4463 genera
2651 4379 2997 4443 lectionum
3029 4376 3346 4441 variarum
3380 4384 3622 4459 extent,
3670 4397 3748 4442 ea
3792 4397 4048 4460 quoque
4091 4378 4486 4463 sejungenda

836 4495 1008 4553 sunt.
1099 4486 1230 4553 Sed
1284 4487 1448 4551 illud
1514 4507 1771 4570 quoque
1821 4485 2232 4552 memorabile
2288 4494 2386 4551 est
2398 4536 2414 4570 ,
2484 4486 2656 4568 quod
2710 4506 2827 4570 per
2881 4503 3099 4550 omnes
3167 4483 3368 4548 libros
3425 4503 3584 4565 quos
3641 4491 3900 4568 praeter
3948 4485 4006 4549 G
4030 4485 4086 4549 Ο
4131 4486 4485 4551 accuratius

1047 4801 1699 4873 0⁰)1.1.pgxxxv11.

1049 4889 1623 4961 ⁸¹)1.1.pg.xxvl.

1042 4978 1592 5051 8Β)1.1.113ΧΧ11

1046 5067 1386 5140 ⁸³)LLpg.
1422 5068 1652 5128 xxvn.
