4787 5950
2423 554 2670 647 34·'

2581 670 2688 683 Μ

638 798 729 863 ad
774 818 1028 863 versum
1083 798 1482 863 undecimum
1539 799 1835 863 carminis
1893 795 1948 861 2¹
1989 799 2175 882 signa
2231 799 2551 882 exhibeat,
2612 800 2678 863 in
2726 800 2787 864 G
2834 800 3006 864 tituli
3063 800 3499 884 praetermissi
3556 808 3723 864 sunt.
3816 800 3986 864 Illud
4042 820 4298 883 quoque

644 905 970 990 proprium
1026 904 1596 988 Sangermanensis
1650 926 1844 989 supra
1899 907 2331 989 cognovimu3‚
2392 908 2562 989 quod
2630 908 2876 971 duobus
2932 906 3090 972 locis
3153 906 3394 990 primus
3449 906 3795 971 intervalla
3848 907 4063 988 habet,
4126 907 4298 971 inter

646 1011 927 1077 carmina
959 1011 1066 1092 5‚6
1111 1020 1176 1078 et
1207 1013 1422 1093 62‚63.
1482 1013 1588 1076 Ad
1621 1033 1887 1094 quorum
1930 1012 2202 1077 alterum
2236 1013 2534 1095 quodque
2568 1014 2818 1077 titulum
2852 1014 2918 1076 in
2951 1013 3311 1079 Veronensi
3359 1014 3632 1096 margini
3676 1015 4070 1099 adscriptum
4101 1014 4295 1078 fuisse

644 1120 813 1183 liber
858 1119 913 1183 Ο
962 1118 1176 1201 docet3
1226 1139 1423 1201 quare
1468 1120 1744 1203 scriptor
1788 1118 2356 1203 sangermanensis
2403 1141 2484 1184 ex
2530 1121 2986 1185 consuetudine
3031 1138 3146 1185 sua
3190 1121 3340 1184 inde
3387 1140 3495 1185 eos
3541 1121 3609 1184 in
3653 1122 4018 1186 interstitiis
4063 1122 4295 1205 posuit.

859 1225 1143 1291 Proinde
1199 1226 1297 1289 his
1355 1246 1607 1309 quoque
1663 1228 1907 1291 duabus
1965 1227 2443 1309 quaestionibus
2498 1228 2565 1289 in
2621 1227 2787 1291 libro
2839 1227 2900 1291 G
2944 1228 3332 1311 ingeniolum
3390 1229 3788 1310 grammatici
3835 1228 4297 1311 cognoscimus,

649 1333 757 1414 qui
804 1333 993 1397 modo
1041 1334 1364 1416 corrigere
1398 1342 1590 1415 atque
1634 1333 1976 1398 emendare
2008 1334 2269 1398 volebat
2298 1335 2488 1399 modo
2529 1334 2875 1423 neglegens
2919 1348 3085 1417 erat3
3133 1341 3416 1399 attamen
3448 1335 3607 1399 illud
3640 1356 3720 1399 ex
3753 1336 3832 1400 iis
3863 1336 4296 1418 consequitur,

645 1439 898 1505 codices
945 1440 1000 1504 Ο
1048 1447 1114 1505 et
1162 1441 1241 1520 G,
1300 1440 1411 1503 ubi
1466 1449 1578 1505 aut
1632 1440 1997 1505 interstitiis
2055 1440 2297 1505 relictis
2346 1450 2457 1505 aut
2503 1441 2707 1505 titulis
2753 1442 2858 1506 vel
2912 1442 3113 1526 signis
3169 1442 3442 1525 margini
3487 1443 3724 1507 additis
3770 1450 4147 1526 congruunt,
4205 1444 4299 1508 ibi

647 1569 866 1613 eorum
897 1548 1195 1611 librarios
1243 1556 1353 1611 aut
1384 1547 1541 1611 haec
1588 1555 1698 1611 aut
1745 1548 1891 1611 illos
1942 1542 2037 1629 (id
2070 1548 2239 1630 quod
2272 1547 2427 1612 mihi
2461 1544 2743 1627 videtur)
2790 1549 2858 1612 in
2878 1548 3240 1613 Veronensi
3288 1550 3676 1635 repperisse3
3734 1550 3941 1615 elucet
3989 1550 4187 1633 igitur
4213 1550 4300 1613 ’in

643 1655 765 1720 hoc
832 1654 1051 1720 codice
1119 1675 1199 1719 ex
1267 1654 1633 1719 interstitiis
1700 1655 2349 1738 inscriptionibusque
2414 1675 2577 1737 quae
2647 1657 2899 1722 codices
2956 1678 2987 1727 ς
3041 1656 3351 1721 exhibent
3414 1658 3608 1740 longe
3675 1656 3951 1741 plurima
4016 1658 4297 1721 nondum

644 1761 933 1843 infuisse3
985 1761 1193 1826 elucet
1238 1760 1399 1824 illud
1448 1761 1723 1843 denique
1770 1761 2109 1825 admodum
2155 1780 2294 1825 esse
2342 1761 2689 1826 verisimile
2735 1783 2877 1827 eum
2926 1763 3036 1846 qui
3067 1762 3679 1846 sangermanensem
3725 1765 4092 1829 exaraverit
4137 1763 4299 1829 alios

647 1868 867 1933 titulos
915 1869 1281 1932 immutasse
1326 1868 1486 1933 alios
1535 1869 1738 1952 ipsum
1787 1867 2126 1955 effinxisse.

2264 2091 2692 2101 ——-

2266 2106 2692 2113 ——-—-—-—---

2125 2328 2400 2446 caput
2459 2328 2829 2423 tertium.

799 2521 1241 2611 Virorum
1307 2521 1800 2611 doctorum
1872 2527 2466 2640 conjecturae
2535 2553 2774 2642 quae
2843 2522 2961 2610 ad
3028 2520 3516 2610 historiam
3585 2524 4147 2644 scripturam

1218 2682 1713 2770 circuitum
1784 2682 2221 2771 codicum
2287 2714 2577 2801 quam
2644 2683 2719 2772 Ο
2787 2694 2880 2770 et
2947 2680 3026 2770 G
3093 2681 3714 2771 vetustiorum

1891 2843 2364 2962 pertinent
2431 2854 3061 2932 recensentur.

858 3145 954 3209 Ex
999 3147 1290 3210 omnibus
1338 3166 1502 3228 quae
1546 3146 1668 3210 huc
1714 3167 1913 3228 usque
1960 3147 2252 3230 exposita
2297 3155 2492 3230 atque
2540 3148 2883 3232 explanata
2928 3153 3077 3210 sunt
3122 3146 3340 3229 colligi
3385 3166 3643 3210 necesse
3689 3154 3789 3211 est
3818 3167 4053 3212 vomnes
4100 3146 4299 3210 libros

644 3259 900 3317 nostros
965 3254 1048 3317 ab
1114 3274 1238 3318 uno
1305 3253 1418 3317 illo
1487 3254 1706 3317 codice
1774 3253 2099 3338 profectos
2157 3273 2296 3318 esse
2353 3257 2465 3337 qui
2520 3274 2899 3337 quamquam
2954 3274 3122 3317 anno
3184 3252 3354 3317 1375
3400 3250 3695 3317 Veronae
3748 3261 3977 3318 extans
4033 3272 4163 3316 non
4208 3253 4302 3317 ita

646 3359 849 3423 multo
917 3368 1064 3443 post
1133 3360 1312 3423 illum
1374 3381 1606 3423 annum
1663 3361 1927 3424 amissus
1985 3367 2100 3425 est.
2192 3361 2291 3424 Ex
2345 3383 2472 3444 quo
2528 3363 2670 3446 ipso
2735 3362 2892 3425 duos
2948 3359 3234 3424 codicum
3290 3360 3641 3424 extantium
3699 3360 4010 3442 originem
4068 3361 4301 3430 ducere

646 3466 1016 3532 Schwabius
1032 3463 1112 3546 ⁹⁰)
1183 3467 1478 3551 opinatus
1547 3474 1645 3531 est
1660 3517 1674 3548 ‚
1731 3468 2153 3532 Baehrensius
2224 3470 2544 3551 sagaciter
2598 3468 3090 3547 demonstravit,
3183 3465 3574 3550 exemplaria
3629 3467 3685 3530 Ο
3739 3474 3808 3531 et
3863 3467 3953 3548 G,
4033 3487 4301 3549 quorum

650 3573 1087 3638 exarationem
1143 3573 1247 3637 hic
1304 3574 1421 3664 illo
1475 3574 1616 3658 ipso
1674 3595 1841 3638 anno
1910 3573 2138 3638 factam
2200 3595 2338 3639 esse
2393 3576 2743 3639 arbitratus
2805 3583 2931 3654 est,
3002 3594 3124 3656 ego
3193 3573 3486 3655 equidem
3543 3574 3972 3638 Oxoniensem
4026 3573 4299 3639 fortasse

648 3680 810 3744 adeo
868 3701 1035 3744 anno
1096 3680 1267 3744 1374
1324 3682 1632 3766 scriptum
1686 3701 1828 3745 esse
1883 3680 2148 3745 conicio.
2241 3682 2420 3747 Idem
2477 3682 2636 3745 illud
2700 3682 3195 3765 manuscriptum
3254 3680 3442 3744 initio
3496 3679 3731 3743 saeculi
3779 3678 3958 3743 X1V¹
3999 3701 4036 3745 e
4085 3680 4303 3744 Gallia

648 3786 973 3850 Veronam
1029 3795 1426 3872 reportatum
1482 3795 1622 3853 erat
1678 3790 1761 3852 ab
1817 3788 2071 3853 homine
2125 3788 2487 3853 litterarum
2541 3809 2671 3852 non
2729 3788 2957 3871 ignaro
3005 3788 3104 3850 cui
3150 3787 3461 3851 Franciae
3507 3806 3738 3851 nomen
3783 3788 4039 3853 videtur
4083 3786 4298 3852 fuisse.

648 3893 810 3958 Illuc
868 3901 1082 3958 autem
1139 3894 1510 3976 Ratherius,
1584 3917 1723 3960 cum
1781 3916 1949 3960 anno
2007 3895 2136 3958 968
2206 3896 2271 3958 in
2343 3895 2602 3961 exilium
2662 3894 2816 3973 iret,
2888 3913 3100 3958 secum
3164 3894 3536 3958 abstulerat.
3651 3893 3914 3958 Scilicet
3982 3896 4297 3976 quomodo

650 3992 987 4083 episco'pus
1059 4000 1169 4065 ille
1238 4002 1519 4068 codicem
1590 4004 1715 4066 sibi
1785 4003 2252 4086 comparaverit
2320 4003 2402 4066 de
2473 4023 2550 4067 ea
2616 4022 2688 4066 re
2755 4002 2924 4065 inter
2979 4000 3153 4065 viros
3221 4001 3442 4065 doctos
3507 4000 3818 4065 dissensio
3888 4021 4122 4084 magna
4177 4009 4298 4065 est.

648 4101 1050 4190 Hauptius⁹¹)
1097 4116 1309 4172 utrum
1355 4109 1465 4173 ille
1513 4130 1653 4173 eum
1680 4108 1981 4173 Veronae
2026 4109 2347 4174 invenerit
2390 4130 2474 4174 an
2523 4128 2599 4172 eo
2646 4107 2940 4172 alicunde
2969 4107 3198 4172 Italiae
3231 4109 3603 4193 pervenerit
3634 4109 3702 4170 in
3725 4108 3935 4172 medio
3971 4108 4298 4190 relinquit.

648 4214 1073 4278 Baehrensius
1083 4208 1164 4292 ⁹²)
1242 4216 1310 4278 in
1376 4215 1517 4299 ipsa
1585 4216 1894 4280 ecclesiae
1964 4215 2349 4279 cathedralis
2418 4212 2803 4280 Veronensis
2881 4215 3274 4279 bibliotheca
3340 4215 3758 4279 celeberrima
3824 4216 3906 4278 ab
3973 4214 4088 4278 illo
4155 4233 4300 4278 eum

650 4329 978 4405 repertum
1022 4341 1163 4386 esse
1209 4322 1592 4406 suspicatum
1643 4342 1764 4406 ego
1810 4321 2126 4387 assentior
2156 4315 2576 4402 Pleitnero⁹⁸)
2629 4322 2740 4405 qui
2779 4322 3003 4387 statuit
3049 4322 3320 4386 maxime
3365 4341 3505 4387 esse
3550 4322 3885 4406 probabile
3926 4320 4299 4386 Ratherium

650 4429 879 4493 emisse
923 4429 1455 4513 manuscriptum3
1504 4449 1713 4511 neque
1761 4429 1930 4493 enim
1974 4428 2320 4493 verisimile
2367 4437 2466 4494 est
2512 4450 2656 4493 eum
2702 4430 2985 4494 codicem
3030 4439 3260 4513 poetae
3305 4429 3562 4494 unicum
3608 4428 3893 4511 potuisse
3924 4427 4190 4493 Verona
4235 4429 4302 4491 in

653 4535 931 4600 Galliam
977 4555 1190 4600 secum
1236 4535 1489 4600 auferre
1536 4536 1660 4600 nisi
1697 4534 1848 4618 jure
1879 4536 2218 4619 emptionis
2251 4555 2398 4600 eum
2427 4537 2816 4620 possidebat.
2866 4536 3043 4614 Quae
3076 4555 3178 4602 res
3211 4544 3532 4617 utcunque
3565 4555 3634 4599 se
3665 4534 3879 4618 habet,
3904 4535 4298 4601 Veronensis

866 4777 932 4848 ⁹⁰)
968 4781 1006 4836 1.
1041 4780 1075 4834 l.
1114 4796 1200 4849 pg.
1240 4780 1383 4835 XVI.

856 4867 928 4935 ΡΙ)
965 4883 1148 4937 opusc.
1185 4885 1273 4938 pg.
1312 4872 1399 4925 60.

862 4954 932 5025 ὓ)
968 4957 1005 5011 l.
1040 4957 1078 5012 l.
1115 4973 1201 5027 pg.
1231 4958 1299 5014 V.

862 5044 930 5116 ⁹³)
967 5045 1119 5102 &tub
1162 5045 1231 5104 6.
1271 5048 1357 5101 94.
