4787 5950
2507 655 2644 757 39„

2338 743 2448 756 S'vxv
2477 746 2504 755 ⁸5.-

1938 992 2056 1075 11.
2113 992 2241 1075 De
2294 994 2586 1078 titulis
2642 996 3162 1078 carminum.

936 1175 1229 1239 Alteram
1276 1193 1528 1256 quoque
1572 1173 1757 1257 hujus
1803 1174 2033 1258 capitis
2078 1182 2346 1258 partem,
2395 1197 2559 1258 quae
2605 1179 2686 1242 ad
2729 1178 2951 1243 titulos
2997 1177 3299 1262 pertinet,
3355 1176 3477 1239 viri
3533 1176 3630 1239 illi
3683 1174 3816 1239 sere
3871 1194 4089 1239 omnes
4144 1174 4250 1256 qui
4307 1175 4372 1237 in

728 1281 940 1347 studio
989 1280 1226 1347 Catulli
1272 1281 1849 1365 manuscriptorum
1891 1290 2040 1345 sunt
2080 1283 2322 1347 versati
2366 1285 2691 1368 explicare
2736 1286 3133 1350 studuerunt.

939 1387 1380 1453 Lachmannns
1435 1389 1636 1471 igitur
1680 1408 2060 1471 quamquam
2118 1389 2254 1472 ipse
2300 1390 2524 1454 titulos
2580 1411 2708 1455 non
2763 1391 3049 1475 respexit
3094 1398 3309 1454 tamen
3364 1389 3648 1454 editione
3697 1387 3932 1451 Catulli
3988 1407 4121 1451 rem
4171 1388 4372 1472 ipsam

723 1494 792 1558 in
827 1495 1325 1559 controversiam
1372 1495 1659 1560 adduxit.
1723 1495 2023 1559 Carmina
2067 1496 2236 1559 enim
2267 1497 2557 1560 codicum
2589 1507 2948 1561 nostrorum
2997 1497 3101 1560 87.
3156 1496 3239 1559 75
3285 1496 3436 1559 inde
3483 1515 3523 1558 a
3566 1493 3896 1577 Scaligero
3927 1496 4112 1559 unius
4157 1503 4374 1579 partes

726 1620 865 1667 esse
920 1601 1127 1666 critici
1183 1603 1686 1686 praestantiores
1759 1623 1977 1668 omnes
2034 1604 2278 1688 opinati
2347 1615 2515 1670 sunt.
2607 1605 2723 1669 Sin
2791 1606 3118 1670 etiamtum
3164 1604 3451 1687 Silligius
3507 1603 3820 1666 neminem
3892 1622 4167 1683 unquam
4224 1622 4372 1683 quo·

724 1709 915 1773 modo
961 1729 1217 1774 carmen
1263 1731 1455 1774 unum
1503 1710 1570 1773 in
1603 1711 1728 1774 duo
1775 1710 2160 1795 diremptum
2207 1718 2273 1775 et
2315 1732 2466 1796 pars
2510 1713 2718 1777 altera
2760 1734 2800 1777 a
2845 1714 3060 1797 priore
3105 1710 3446 1776 intervallo
3493 1710 3587 1773 ita
3632 1708 3827 1792 longo
3874 1709 4162 1791 sejuncta
4206 1717 4373 1773 esset

725 1815 881 1880 satis
929 1816 1508 1880 demonstraturum
1555 1817 1824 1900 putavit,
1897 1818 1976 1882 de
2023 1817 2143 1881 hac
2211 1818 2351 1902 ipsa
2406 1819 2830 1902 diremptione
2875 1819 3316 1883 Lachmannus
3372 1836 3696 1901 exponere
3752 1824 4016 1881 conatus
4073 1824 4172 1880 est
4218 1823 4373 1897 quot

724 1942 950 1987 versus
996 1922 1290 2005 singulae
1335 1923 1572 1987 codicis
1604 1919 1990 1989 Veronensis
2036 1925 2314 2009 paginae
2358 1925 2729 2009 habuerint3
2778 1928 3131 2011 suspicatus
3177 1934 3275 1990 est
3321 1925 3618 1989 tricenos.

938 2030 1030 2093 At
1074 2049 1146 2093 re
1189 2030 1449 2114 incepta
1479 2029 1603 2093 viri
1650 2038 1910 2114 praeter
1953 2030 2304 2116 Hauptium
2323 2025 2408 2114 ⁸⁴)
2455 2034 2627 2097 docti
2673 2054 2890 2097 omues
2936 2033 3298 2118 opinionem
3346 2029 3734 2095 Lachmanni
3780 2049 3908 2092 non
3956 2029 4154 2094 secuti
4204 2036 4370 2110 sunt,

725 2135 840 2199 sed
885 2136 1055 2219 apud
1101 2136 1442 2220 plerosque
1487 2137 1797 2221 imprimis
1843 2138 1924 2202 de
1969 2138 2173 2203 titulis
2218 2140 2685 2223 praetermissis
2731 2140 2785 2204 is
2832 2140 3115 2204 offendit.
3172 2139 3438 2204 Illorum
3486 2138 3596 2219 qui
3641 2136 3831 2221 primi
3878 2136 4372 2219 descriptionem

722 2241 1104 2325 paginarum
1148 2242 1537 2309 Lachmanni
1584 2252 1656 2309 ut
1699 2243 1921 2309 falsam
1966 2245 2264 2311 refellere
2317 2247 2531 2311 conati
2587 2255 2735 2311 sunt
2789 2248 3139 2312 sententias
3193 2246 3454 2311 Ellisius
3512 2265 3702 2329 pagg.
3751 2243 3953 2307 XXII
4001 2250 4067 2307 et
4113 2241 4368 2305 XXIII.

727 2357 1194 2414 commemorat.
1286 2347 1496 2414 Aliam
1543 2372 1618 2416 ac
1662 2350 2135 2416 Lachmannum
2190 2354 2572 2418 sententiam
2619 2354 2968 2437 Bergkium
3022 2353 3366 2438 protulisse
3421 2372 3612 2434 quam
3656 2350 3996 2414 Boehmius
4055 2358 4122 2413 et
4166 2349 4372 2413 West-

724 2454 977 2539 phalius
1023 2457 1301 2541 amplexi
1348 2464 1589 2537 essent,
1659 2458 1771 2522 sed
1821 2466 2153 2540 utrumque
2200 2479 2280 2523 ex
2326 2460 2456 2525 alia
2500 2470 2686 2545 parte
2732 2468 3055 2525 mutatam.
3150 2461 3386 2524 Omnes
3433 2460 3602 2523 enim
3657 2458 4003 2522 carminum
4055 2457 4138 2520 74
4171 2491 4258 2499 —-
4287 2456 4370 2519 88

727 2562 907 2627 illum
954 2562 1165 2629 facere
1221 2564 1536 2629 ordinem:
1613 2565 1716 2628 74.
1768 2565 2093 2630 80—87.
2149 2565 2462 2630 75—79.
2513 2566 2618 2649 88,
2674 2575 2746 2632 ut
2790 2569 3085 2652 paginae,
3144 2568 3251 2630 ubi
3308 2566 3532 2650 scripti
3585 2564 3854 2629 fuissent
3899 2585 3988 2628 cc.
4041 2563 4369 2643 80—87,

727 2688 944 2735 errore
989 2672 1264 2752 quodam
1310 2672 1739 2756 transpositae
1786 2680 2019 2736 esseut.
2090 2673 2448 2756 Utrumque
2495 2675 2718 2738 titulos
2760 2675 3104 2756 addidisse,
3163 2674 3356 2739 etiam
3403 2672 3512 2736 ubi
3558 2672 3693 2753 jam
3739 2692 3868 2737 non
3914 2671 4369 2755 reperirentur,

726 2798 852 2860 quo
921 2785 1097 2842 totus
1164 2798 1459 2843 versuum
1530 2799 1827 2844 numerus
1896 2799 1975 2843 ex
2049 2780 2134 2840 98
2193 2781 2378 2844 fieret
2437 2781 2584 2844 110.
2675 2780 2802 2846 Sed
2871 2782 3217 2865 Bergkium
3288 2781 3599 2843 incertum
3666 2779 4030 2861 relinquere
4099 2777 4374 2862 paginae

724 2886 987 2950 vicenos
1031 2905 1220 2950 senos
1263 2905 1347 2949 an
1392 2886 1650 2951 vicenos
1695 2894 1997 2970 septenos
2045 2907 2263 2952 versus
2312 2887 2708 2969 habuissent,
2780 2909 2920 2952 cum
2967 2888 3138 2952 tituli
3184 2888 3250 2950 in
3295 2886 3439 2950 imis
3485 2886 3738 2970 paginis
3784 2884 3970 2950 facile
4015 2884 4371 2969 potuissent

726 2993 1043 3058 excidere.
1124 2993 1587 3079 Westphalium
1633 2987 1856 3059 titulos
1924 2994 2013 3058 ibi
2070 3015 2380 3078 nusquam
2425 3016 2777 3060 numerare.
2828 3030 2914 3038 —-
2982 2995 3138 3078 Sed,
3211 2996 3277 3058 id
3323 2994 3495 3077 quod
3541 2995 3712 3057 idem
3758 3001 3885 3074 est,
3934 2991 4370 3076 Westphalius

724 3100 934 3184 spatia
978 3101 1323 3165 carminum
1370 3106 1688 3182 numerat3
1736 3121 1883 3165 nam
1929 3101 2087 3165 dicit
2130 3123 2240 3186 pg.
2288 3103 2397 3184 91,
2445 3102 2667 3166 titulos
2713 3103 2781 3165 in
2826 3102 3152 3167 codicibus
3198 3101 3565 3166 melioribus
3613 3121 3744 3164 non
3789 3099 4192 3184 interpolatis
4237 3118 4369 3162 non

723 3207 1030 3291 inveniri;
1100 3208 1169 3271 in
1223 3207 1663 3293 antiquissimo
1719 3207 2257 3290 Sangermancnsi
2302 3215 2552 3273 tautum
2598 3210 2984 3274 carminibus
3029 3206 3094 3272 1⁰
3122 3218 3192 3273 et
3221 3202 3535 3272 LXVIII⁰
3578 3227 3688 3271 eos
3731 3206 4165 3290 praescriptos
4211 3224 4367 3284 esse,

726 3320 794 3378 et
835 3321 908 3378 ut
953 3315 1226 3379 maxime
1272 3315 1541 3398 quisque
1585 3315 1788 3381 codex
1834 3323 2003 3380 esset
2056 3315 2483 3399 interpolatus
2551 3315 2644 3380 ita
2708 3314 3253 3398 frequentissimos
3322 3315 3458 3397 ejus
3527 3334 3666 3377 esse
3732 3314 3973 3378 titulos,
4065 3316 4372 3376 Attamen

724 3420 886 3484 illud
933 3441 1015 3485 ex
1061 3421 1381 3505 plerisque
1428 3421 1873 3506 manuscriptis
1928 3422 2147 3505 colligi
2193 3442 2404 3506 posse,
2461 3422 2969 3504 antiquissimum
3014 3422 3192 3486 illum
3239 3422 3495 3503 quidem
3540 3420 3824 3485 codicem
3872 3440 3989 3485 nec
4033 3420 4257 3483 titulos
4303 3427 4369 3483 et

723 3527 896 3592 inter
939 3528 1222 3593 carmina
1264 3528 1658 3612 singulorum
1688 3548 1982 3593 versuum
2028 3528 2238 3612 spatia
2280 3528 2578 3593 habuisse
2625 3530 2912 3613 exceptis
2957 3529 3342 3594 carminibus
3390 3529 3529 3610 143.
3577 3562 3664 3570 --
3709 3528 3929 3609 43,44.
3978 3562 4063 3569 -
4111 3512 4246 3607 541‘,
4260 3527 4365 3590 3')

721 3668 809 3677 —
856 3633 943 3698 55
976 3635 1083 3698 66.

935 3685 1027 3806 lit
1072 3734 1390 3824 Ellisio⁸⁵)
1437 3742 1530 3806 ita
1575 3762 1691 3806 nec
1737 3742 2098 3807 ostenditur
2142 3742 2460 3824 quomodo
2509 3741 2614 3823 84,
2635 3759 2687 3809 3.
2710 3759 2770 3808 4:
2836 3743 2959 3825 „Et
3003 3750 3136 3806 tum
3184 3741 3448 3806 mirifice
3483 3789 3676 3805 .....
3713 3749 4017 3823 quantum
4071 3737 4365 3824 poterat“

723 3865 803 3911 ex
849 3846 992 3912 loco
1038 3868 1152 3912 suo
1199 3848 1357 3912 moti
1404 3869 1613 3930 „nunc
1656 3856 1805 3932 post
1851 3848 2033 3928 84,10
2077 3855 2249 3913 stent
2294 3849 2361 3911 in
2384 3843 2774 3931 codicibus“,
2820 3868 2941 3913 nec
2987 3848 3303 3931 quomodo
3328 3868 3574 3913 versus:
3638 3847 3809 3930 „Sed
3854 3867 4021 3910 nunc
4067 3847 4134 3909 id
4180 3846 4367 3910 doleo

720 4003 738 4019 .
766 4002 784 4019 .
811 4002 827 4018 .
856 4003 872 4019 .
896 3953 1065 4019 fama
1107 3954 1408 4037 loquetur
1450 3950 1651 4020 anus“
1707 3955 1774 4018 in
1818 3955 2024 4020 locum
2070 3955 2344 4019 alienum
2390 3962 2537 4039 post
2586 3954 2727 4038 78‚c
2765 3956 2948 4020 inlati
2993 3956 3143 4037 sint,
3192 3975 3310 4020 nec
3356 3955 3674 4037 quomodo
3721 3954 3865 4038 95,4
3903 3951 4244 4037 exciderit3
4301 3960 4368 4017 et

721 4070 793 4125 ut
838 4061 1012 4125 tituli
1058 4061 1125 4125 in
1170 4062 1299 4126 ima
1342 4062 1580 4146 pagina
1623 4082 1773 4127 casu
1835 4083 2285 4144 nonnunquam
2333 4063 2547 4127 omissi
2594 4064 2742 4145 sint,
2790 4062 3080 4128 consulto
3127 4082 3236 4127 eos
3281 4062 3372 4125 ibi
3419 4082 3670 4147 semper
3701 4052 4183 4146 praetermissos
4229 4080 4368 4126 esse

721 4170 983 4234 credere
1021 4190 1151 4234 non
1192 4177 1425 4254 potest.
1495 4170 1561 4235 Is
1607 4171 1806 4253 igitur
1836 4170 2207 4236 Froehnero
2253 4191 2547 4236 assensus
2596 4177 2695 4235 est
2741 4170 3134 4235 existimanti
3164 4189 3386 4236 versus
3431 4170 3708 4234 tricenos
3753 4168 3939 4232 binos
3986 4169 4052 4231 in
4098 4166 4367 4249 singulis

718 4275 1074 4360 Archetypi
1121 4276 1373 4360 paginis
1430 4276 1624 4341 fuisse
1669 4296 1908 4359 eosque
1960 4278 2235 4362 scriptos
2303 4278 2369 4341 in
2417 4278 2663 4342 duabus
2707 4277 3016 4341 columnis
3061 4297 3355 4341 versuum
3410 4296 3628 4341 senum
3675 4275 3906 4340 denum
3952 4275 4366 4356 versibusque

719 4382 942 4448 titulos
987 4383 1498 4449 adnumerandos
1544 4403 1701 4448 esse.
1749 4383 2033 4450 Proinde
2078 4384 2255 4449 illam
2300 4405 2490 4466 quam
2522 4383 2892 4449 Schwabius
2937 4384 3133 4448 habet
3177 4384 3258 4448 de
3291 4381 3496 4447 titulis
3541 4382 3923 4446 sententiam
3933 4375 4016 4460 ⁹⁶)
4065 4376 4366 4463 (scribam

717 4488 1114 4556 Veronensis
1155 4492 1437 4556 carmina
1467 4491 1638 4554 inter
1667 4510 1737 4556 se
1766 4490 1834 4554 in
1864 4491 2235 4576 Archetypo
2280 4500 2422 4556 arte
2467 4490 2877 4557 cohaerentia
2920 4490 3285 4555 interstitiis
3329 4497 3636 4571 quantum
3678 4487 3994 4573 potuisset
4037 4506 4365 4571 separasse

718 4604 788 4662 et
832 4597 1054 4662 titulos
1112 4607 1185 4662 ut
1240 4597 1463 4662 fuisset
1518 4605 1742 4682 captus
1811 4598 1947 4681 ejus
2014 4598 2478 4682 praeposuisse.
2568 4596 2644 4660 In
2702 4596 2870 4660 libro
2916 4593 2973 4658 V
3006 4603 3217 4661 autem
3272 4594 3529 4660 eosdem
3596 4593 3788 4658 fuisse
3846 4613 4003 4676 quos
4070 4593 4138 4656 in
4182 4593 4365 4656 libris

717 4702 986 4768 sinceris
1031 4703 1221 4771 hodie
1266 4725 1384 4770 nos
1429 4704 1806 4770 haberemus
1854 4703 2095 4788 titulos,
2154 4725 2235 4768 ex
2280 4703 2627 4769 eorundem
2673 4702 2738 4765 in
2784 4702 2967 4766 libris
3013 4702 3278 4767 sinceris
3322 4699 3740 4766 similitudine
3782 4706 3977 4783 atque
4022 4699 4367 4783 aequabili·
4435 4785 4443 4806 ι

929 4947 1000 5019 ⁸⁴)
1036 4964 1219 5018 opusc.
1255 4950 1360 5007 vol.
1397 4949 1438 5003 1.
1474 4964 1562 5018 pg.
1591 4949 1680 5005 27.

931 5034 1001 5108 ΘΙ5)
1036 5052 1126 5107 pg.
1161 5037 1359 5093 XXIV.

931 5123 1127 5196 θῆρε·
1165 5124 1310 5180 XIX
